<?xml version="1.0" encoding="UTF-8"?>
<integ:root xmlns:integ="http://integrator">
   <integ:BIB_ID id="12" self="true">
      <marc:record xmlns:marc="http://www.loc.gov/MARC21/slim">
         <marc:leader>02882cas a2200565 a 4500</marc:leader>
         <marc:controlfield tag="001">12</marc:controlfield>
         <marc:controlfield tag="005">20120516144735.0</marc:controlfield>
         <marc:controlfield tag="008">800610c19599999dcumr p       0   a0eng c</marc:controlfield>
         <marc:datafield tag="010" ind1=" " ind2=" ">
            <marc:subfield code="a">   87657516 </marc:subfield>
            <marc:subfield code="z">sn 86013771 </marc:subfield>
         </marc:datafield>
         <marc:datafield tag="035" ind1=" " ind2=" ">
            <marc:subfield code="a">(OCoLC)ocm06451257</marc:subfield>
         </marc:datafield>
         <marc:datafield tag="040" ind1=" " ind2=" ">
            <marc:subfield code="a">PIT</marc:subfield>
            <marc:subfield code="c">PIT</marc:subfield>
            <marc:subfield code="d">CLU</marc:subfield>
            <marc:subfield code="d">IUL</marc:subfield>
            <marc:subfield code="d">AIP</marc:subfield>
            <marc:subfield code="d">NSD</marc:subfield>
            <marc:subfield code="d">AIP</marc:subfield>
            <marc:subfield code="d">OCL</marc:subfield>
            <marc:subfield code="d">AIP</marc:subfield>
            <marc:subfield code="d">NSD</marc:subfield>
            <marc:subfield code="d">NST</marc:subfield>
            <marc:subfield code="d">OCL</marc:subfield>
            <marc:subfield code="d">AIP</marc:subfield>
            <marc:subfield code="d">DLC</marc:subfield>
            <marc:subfield code="d">HUL</marc:subfield>
            <marc:subfield code="d">NST</marc:subfield>
            <marc:subfield code="d">DLC</marc:subfield>
            <marc:subfield code="d">NST</marc:subfield>
            <marc:subfield code="d">NSD</marc:subfield>
            <marc:subfield code="d">NLC</marc:subfield>
            <marc:subfield code="d">WAU</marc:subfield>
            <marc:subfield code="d">HUL</marc:subfield>
            <marc:subfield code="d">NST</marc:subfield>
            <marc:subfield code="d">HUL</marc:subfield>
            <marc:subfield code="d">NST</marc:subfield>
            <marc:subfield code="d">MXC</marc:subfield>
            <marc:subfield code="d">IUL</marc:subfield>
            <marc:subfield code="d">HUL</marc:subfield>
            <marc:subfield code="d">HLS</marc:subfield>
            <marc:subfield code="d">GUA</marc:subfield>
            <marc:subfield code="d">WAU</marc:subfield>
            <marc:subfield code="d">OCLCQ</marc:subfield>
            <marc:subfield code="d">DLC</marc:subfield>
            <marc:subfield code="d">NLGGC</marc:subfield>
            <marc:subfield code="d">NSD</marc:subfield>
            <marc:subfield code="d">DST</marc:subfield>
            <marc:subfield code="d">ZCU</marc:subfield>
            <marc:subfield code="d">NSD</marc:subfield>
            <marc:subfield code="d">DLC</marc:subfield>
            <marc:subfield code="d">ZP2</marc:subfield>
            <marc:subfield code="d">WAU</marc:subfield>
            <marc:subfield code="d">OCLCQ</marc:subfield>
            <marc:subfield code="d">MOF</marc:subfield>
            <marc:subfield code="d">UKMGB</marc:subfield>
            <marc:subfield code="d">DLC</marc:subfield>
         </marc:datafield>
         <marc:datafield tag="016" ind1="7" ind2=" ">
            <marc:subfield code="a">012416401</marc:subfield>
            <marc:subfield code="2">Uk</marc:subfield>
         </marc:datafield>
         <marc:datafield tag="019" ind1=" " ind2=" ">
            <marc:subfield code="a">44513109</marc:subfield>
         </marc:datafield>
         <marc:datafield tag="022" ind1="0" ind2=" ">
            <marc:subfield code="a">0027-9358</marc:subfield>
            <marc:subfield code="l">0027-9358</marc:subfield>
            <marc:subfield code="y">1536-6596</marc:subfield>
            <marc:subfield code="2">1</marc:subfield>
         </marc:datafield>
         <marc:datafield tag="030" ind1=" " ind2=" ">
            <marc:subfield code="a">NGGMAF</marc:subfield>
         </marc:datafield>
         <marc:datafield tag="032" ind1=" " ind2=" ">
            <marc:subfield code="a">373140</marc:subfield>
            <marc:subfield code="b">USPS</marc:subfield>
         </marc:datafield>
         <marc:datafield tag="035" ind1=" " ind2=" ">
            <marc:subfield code="a">(OCoLC)6451257</marc:subfield>
            <marc:subfield code="z">(OCoLC)44513109</marc:subfield>
         </marc:datafield>
         <marc:datafield tag="042" ind1=" " ind2=" ">
            <marc:subfield code="a">nsdp</marc:subfield>
            <marc:subfield code="a">pcc</marc:subfield>
         </marc:datafield>
         <marc:datafield tag="050" ind1="0" ind2="0">
            <marc:subfield code="a">G1</marc:subfield>
            <marc:subfield code="b">.N27</marc:subfield>
         </marc:datafield>
         <marc:datafield tag="082" ind1="1" ind2="4">
            <marc:subfield code="a">910</marc:subfield>
            <marc:subfield code="2">11</marc:subfield>
         </marc:datafield>
         <marc:datafield tag="049" ind1=" " ind2=" ">
            <marc:subfield code="a">PAUU</marc:subfield>
         </marc:datafield>
         <marc:datafield tag="210" ind1="0" ind2=" ">
            <marc:subfield code="a">Natl. geogr.</marc:subfield>
            <marc:subfield code="b">(Print)</marc:subfield>
         </marc:datafield>
         <marc:datafield tag="222" ind1=" " ind2="0">
            <marc:subfield code="a">National geographic</marc:subfield>
            <marc:subfield code="b">(Print)</marc:subfield>
         </marc:datafield>
         <marc:datafield tag="245" ind1="0" ind2="0">
            <marc:subfield code="a">National geographic.</marc:subfield>
         </marc:datafield>
         <marc:datafield tag="246" ind1="1" ind2="3">
            <marc:subfield code="a">National geographic magazine</marc:subfield>
         </marc:datafield>
         <marc:datafield tag="260" ind1=" " ind2=" ">
            <marc:subfield code="a">[Washington, D.C.] :</marc:subfield>
            <marc:subfield code="b">National Geographic Society,</marc:subfield>
            <marc:subfield code="c">c1959-</marc:subfield>
         </marc:datafield>
         <marc:datafield tag="300" ind1=" " ind2=" ">
            <marc:subfield code="a">v. :</marc:subfield>
            <marc:subfield code="b">ill. (some col.), ports., maps (some fold., some col.) ;</marc:subfield>
            <marc:subfield code="c">26 cm.</marc:subfield>
         </marc:datafield>
         <marc:datafield tag="310" ind1=" " ind2=" ">
            <marc:subfield code="a">Monthly</marc:subfield>
         </marc:datafield>
         <marc:datafield tag="362" ind1="0" ind2=" ">
            <marc:subfield code="a">Vol. 116, no. 6 (Dec. 1959)-</marc:subfield>
         </marc:datafield>
         <marc:datafield tag="500" ind1=" " ind2=" ">
            <marc:subfield code="a">Title from cover.</marc:subfield>
         </marc:datafield>
         <marc:datafield tag="500" ind1=" " ind2=" ">
            <marc:subfield code="a">Some vols. accompanied by supplements, some called 'special report' or 'special edition'.</marc:subfield>
         </marc:datafield>
         <marc:datafield tag="500" ind1=" " ind2=" ">
            <marc:subfield code="a">Latest issue consulted: Vol. 215, no. 4 (Apr. 2009).</marc:subfield>
         </marc:datafield>
         <marc:datafield tag="515" ind1=" " ind2=" ">
            <marc:subfield code="a">Issued in two yearly vols. of 6 issues each.</marc:subfield>
         </marc:datafield>
         <marc:datafield tag="530" ind1=" " ind2=" ">
            <marc:subfield code="a">Also issued on microfilm and microfiche by University Microfilms, and online.</marc:subfield>
         </marc:datafield>
         <marc:datafield tag="550" ind1=" " ind2=" ">
            <marc:subfield code="a">Official journal of: National Geographic Society.</marc:subfield>
         </marc:datafield>
         <marc:datafield tag="555" ind1=" " ind2=" ">
            <marc:subfield code="a">Vols. 91 (1947)-161 (1983). 1 v. (Includes index to the journal under its earlier title); v. 1 (1888)-174 (1988). 1 v. (Includes index to the journal under its earlier title).</marc:subfield>
         </marc:datafield>
         <marc:datafield tag="555" ind1=" " ind2=" ">
            <marc:subfield code="a">Indexes kept up-to-date with supplements.</marc:subfield>
         </marc:datafield>
         <marc:datafield tag="650" ind1=" " ind2="0">
            <marc:subfield code="a">Geography</marc:subfield>
            <marc:subfield code="v">Periodicals.</marc:subfield>
         </marc:datafield>
         <marc:datafield tag="650" ind1=" " ind2="2">
            <marc:subfield code="a">Geography</marc:subfield>
            <marc:subfield code="v">Periodicals.</marc:subfield>
         </marc:datafield>
         <marc:datafield tag="650" ind1="1" ind2="7">
            <marc:subfield code="a">Sociale geografie.</marc:subfield>
            <marc:subfield code="2">gtt</marc:subfield>
         </marc:datafield>
         <marc:datafield tag="710" ind1="2" ind2=" ">
            <marc:subfield code="a">National Geographic Society (U.S.)</marc:subfield>
         </marc:datafield>
         <marc:datafield tag="776" ind1="0" ind2="8">
            <marc:subfield code="i">Also issued annually in a CD-ROM version (includes issues of the journal under its earlier title) with title:</marc:subfield>
            <marc:subfield code="t">Complete National geographic</marc:subfield>
            <marc:subfield code="x">1939-9235</marc:subfield>
            <marc:subfield code="w">(DLC)  2002252154</marc:subfield>
            <marc:subfield code="w">(OCoLC)48770184</marc:subfield>
         </marc:datafield>
         <marc:datafield tag="776" ind1="1" ind2=" ">
            <marc:subfield code="t">National geographic (Online)</marc:subfield>
            <marc:subfield code="x">1931-1524</marc:subfield>
            <marc:subfield code="w">(DLC)  2006212228</marc:subfield>
            <marc:subfield code="w">(OCoLC)60637636</marc:subfield>
         </marc:datafield>
         <marc:datafield tag="776" ind1="0" ind2="8">
            <marc:subfield code="i">Online version:</marc:subfield>
            <marc:subfield code="t">National geographic</marc:subfield>
            <marc:subfield code="w">(OCoLC)676714149</marc:subfield>
         </marc:datafield>
         <marc:datafield tag="780" ind1="0" ind2="0">
            <marc:subfield code="t">National geographic magazine</marc:subfield>
            <marc:subfield code="x">1044-6613</marc:subfield>
            <marc:subfield code="w">(DLC)   14007038</marc:subfield>
            <marc:subfield code="w">(OCoLC)1643684</marc:subfield>
         </marc:datafield>
         <marc:datafield tag="787" ind1="0" ind2=" ">
            <marc:subfield code="t">National geographic (Collector's ed.)</marc:subfield>
            <marc:subfield code="x">1536-6596</marc:subfield>
            <marc:subfield code="w">(DLC)  2001215511</marc:subfield>
            <marc:subfield code="w">(OCoLC)47778532</marc:subfield>
         </marc:datafield>
         <marc:datafield tag="850" ind1=" " ind2=" ">
            <marc:subfield code="a">ArU</marc:subfield>
            <marc:subfield code="a">CSt</marc:subfield>
            <marc:subfield code="a">CU-S</marc:subfield>
            <marc:subfield code="a">CaNSCS</marc:subfield>
            <marc:subfield code="a">CaOOEDC</marc:subfield>
            <marc:subfield code="a">CaOONL</marc:subfield>
            <marc:subfield code="a">CaOTDT</marc:subfield>
            <marc:subfield code="a">CoU</marc:subfield>
            <marc:subfield code="a">DLC</marc:subfield>
            <marc:subfield code="a">DeU</marc:subfield>
            <marc:subfield code="a">ICL</marc:subfield>
            <marc:subfield code="a">ICarbS</marc:subfield>
            <marc:subfield code="a">IaAS</marc:subfield>
            <marc:subfield code="a">InU</marc:subfield>
            <marc:subfield code="a">MH</marc:subfield>
            <marc:subfield code="a">MH-BA</marc:subfield>
            <marc:subfield code="a">MH-CS</marc:subfield>
            <marc:subfield code="a">MH-Hi</marc:subfield>
            <marc:subfield code="a">MH-Lm</marc:subfield>
            <marc:subfield code="a">MH-SD</marc:subfield>
            <marc:subfield code="a">MiDW</marc:subfield>
            <marc:subfield code="a">MiEM</marc:subfield>
            <marc:subfield code="a">NcD</marc:subfield>
            <marc:subfield code="a">NcRS</marc:subfield>
            <marc:subfield code="a">NjR</marc:subfield>
            <marc:subfield code="a">OCU</marc:subfield>
            <marc:subfield code="a">TU</marc:subfield>
            <marc:subfield code="a">ViU</marc:subfield>
            <marc:subfield code="a">WaU</marc:subfield>
         </marc:datafield>
         <marc:datafield tag="891" ind1="2" ind2="0">
            <marc:subfield code="9">853</marc:subfield>
            <marc:subfield code="8">1</marc:subfield>
            <marc:subfield code="a">v.</marc:subfield>
            <marc:subfield code="b">no.</marc:subfield>
            <marc:subfield code="u">6</marc:subfield>
            <marc:subfield code="v">r</marc:subfield>
            <marc:subfield code="i">(year)</marc:subfield>
            <marc:subfield code="j">(month)</marc:subfield>
            <marc:subfield code="w">m</marc:subfield>
            <marc:subfield code="x">01,07</marc:subfield>
         </marc:datafield>
         <marc:datafield tag="891" ind1="4" ind2="1">
            <marc:subfield code="9">863</marc:subfield>
            <marc:subfield code="8">1.1</marc:subfield>
            <marc:subfield code="a">&lt;199&gt;</marc:subfield>
            <marc:subfield code="b">&lt;6&gt;</marc:subfield>
            <marc:subfield code="i">&lt;2001&gt;</marc:subfield>
            <marc:subfield code="j">06</marc:subfield>
         </marc:datafield>
         <marc:datafield tag="994" ind1=" " ind2=" ">
            <marc:subfield code="a">C0</marc:subfield>
            <marc:subfield code="b">PAU</marc:subfield>
         </marc:datafield>
      </marc:record>