
   </integ:BIB_ID>
   <integ:BIB_ID id="15" self="true">
      <marc:record xmlns:marc="http://www.loc.gov/MARC21/slim">
         <marc:leader>01581cas a2200493 a 4500</marc:leader>
         <marc:controlfield tag="001">15</marc:controlfield>
         <marc:controlfield tag="005">20090520144608.0</marc:controlfield>
         <marc:controlfield tag="008">750920c19259999fi  x m       0   a0eng d</marc:controlfield>
         <marc:datafield tag="010" ind1=" " ind2=" ">
            <marc:subfield code="a">   50047780 </marc:subfield>
         </marc:datafield>
         <marc:datafield tag="035" ind1=" " ind2=" ">
            <marc:subfield code="a">(OCoLC)ocm01639720</marc:subfield>
         </marc:datafield>
         <marc:datafield tag="040" ind1=" " ind2=" ">
            <marc:subfield code="a">MUL</marc:subfield>
            <marc:subfield code="c">MUL</marc:subfield>
            <marc:subfield code="d">COO</marc:subfield>
            <marc:subfield code="d">YUS</marc:subfield>
            <marc:subfield code="d">IUL</marc:subfield>
            <marc:subfield code="d">YUS</marc:subfield>
            <marc:subfield code="d">HUL</marc:subfield>
            <marc:subfield code="d">DLC</marc:subfield>
            <marc:subfield code="d">NST</marc:subfield>
            <marc:subfield code="d">IUL</marc:subfield>
            <marc:subfield code="d">OCL</marc:subfield>
            <marc:subfield code="d">DLC</marc:subfield>
            <marc:subfield code="d">SYS</marc:subfield>
            <marc:subfield code="d">OCLCQ</marc:subfield>
         </marc:datafield>
         <marc:datafield tag="019" ind1=" " ind2=" ">
            <marc:subfield code="a">6265635</marc:subfield>
         </marc:datafield>
         <marc:datafield tag="022" ind1=" " ind2=" ">
            <marc:subfield code="a">0039-3282</marc:subfield>
         </marc:datafield>
         <marc:datafield tag="035" ind1=" " ind2=" ">
            <marc:subfield code="a">(OCoLC)1639720</marc:subfield>
            <marc:subfield code="z">(OCoLC)6265635</marc:subfield>
         </marc:datafield>
         <marc:datafield tag="041" ind1="0" ind2=" ">
            <marc:subfield code="a">engfreger</marc:subfield>
         </marc:datafield>
         <marc:datafield tag="042" ind1=" " ind2=" ">
            <marc:subfield code="a">lc</marc:subfield>
         </marc:datafield>
         <marc:datafield tag="043" ind1=" " ind2=" ">
            <marc:subfield code="a">ae-----</marc:subfield>
         </marc:datafield>
         <marc:datafield tag="050" ind1="0" ind2="0">
            <marc:subfield code="a">PJ9</marc:subfield>
            <marc:subfield code="b">.S86</marc:subfield>
         </marc:datafield>
         <marc:datafield tag="082" ind1="0" ind2=" ">
            <marc:subfield code="a">490/.5</marc:subfield>
            <marc:subfield code="2">19</marc:subfield>
         </marc:datafield>
         <marc:datafield tag="049" ind1=" " ind2=" ">
            <marc:subfield code="a">PAUU</marc:subfield>
         </marc:datafield>
         <marc:datafield tag="222" ind1=" " ind2="0">
            <marc:subfield code="a">Studia orientalia</marc:subfield>
         </marc:datafield>
         <marc:datafield tag="245" ind1="0" ind2="0">
            <marc:subfield code="a">Studia orientalia /</marc:subfield>
            <marc:subfield code="c">edited by the Finnish Oriental Society.</marc:subfield>
         </marc:datafield>
         <marc:datafield tag="260" ind1=" " ind2=" ">
            <marc:subfield code="a">Helsinki :</marc:subfield>
            <marc:subfield code="b">The Society</marc:subfield>
         </marc:datafield>
         <marc:datafield tag="300" ind1=" " ind2=" ">
            <marc:subfield code="a">v. :</marc:subfield>
            <marc:subfield code="b">ill. ;</marc:subfield>
            <marc:subfield code="c">25-28 cm.</marc:subfield>
         </marc:datafield>
         <marc:datafield tag="310" ind1=" " ind2=" ">
            <marc:subfield code="a">Irregular</marc:subfield>
         </marc:datafield>
         <marc:datafield tag="362" ind1="1" ind2=" ">
            <marc:subfield code="a">Began in 1925.</marc:subfield>
         </marc:datafield>
         <marc:datafield tag="500" ind1=" " ind2=" ">
            <marc:subfield code="a">Description based on: Vol. 51; title from cover.</marc:subfield>
         </marc:datafield>
         <marc:datafield tag="500" ind1=" " ind2=" ">
            <marc:subfield code="a">Latest issue consulted: Vol. 74, published in 1995.</marc:subfield>
         </marc:datafield>
         <marc:datafield tag="530" ind1=" " ind2=" ">
            <marc:subfield code="a">Also issued online.</marc:subfield>
         </marc:datafield>
         <marc:datafield tag="546" ind1=" " ind2=" ">
            <marc:subfield code="a">English, French, and German.</marc:subfield>
         </marc:datafield>
         <marc:datafield tag="555" ind1=" " ind2=" ">
            <marc:subfield code="a">Vols. 1 (1925)-39 (1968). 1 v.</marc:subfield>
         </marc:datafield>
         <marc:datafield tag="651" ind1=" " ind2="0">
            <marc:subfield code="a">East Asia</marc:subfield>
            <marc:subfield code="x">Study and teaching.</marc:subfield>
         </marc:datafield>
         <marc:datafield tag="650" ind1=" " ind2="0">
            <marc:subfield code="a">Oriental philology.</marc:subfield>
         </marc:datafield>
         <marc:datafield tag="710" ind1="2" ind2=" ">
            <marc:subfield code="a">Suomen Itämainen Seura.</marc:subfield>
         </marc:datafield>
         <marc:datafield tag="850" ind1=" " ind2=" ">
            <marc:subfield code="a">CU</marc:subfield>
            <marc:subfield code="a">DLC</marc:subfield>
            <marc:subfield code="a">DeU</marc:subfield>
            <marc:subfield code="a">InU</marc:subfield>
            <marc:subfield code="a">MH-HY</marc:subfield>
            <marc:subfield code="a">NcD</marc:subfield>
            <marc:subfield code="a">OU</marc:subfield>
         </marc:datafield>
         <marc:datafield tag="891" ind1="0" ind2="2">
            <marc:subfield code="9">853</marc:subfield>
            <marc:subfield code="8">1</marc:subfield>
            <marc:subfield code="a">v.</marc:subfield>
            <marc:subfield code="i">(year)</marc:subfield>
            <marc:subfield code="w">x</marc:subfield>
         </marc:datafield>
         <marc:datafield tag="891" ind1="4" ind2="0">
            <marc:subfield code="9">863</marc:subfield>
            <marc:subfield code="8">1</marc:subfield>
            <marc:subfield code="a">&lt;10&gt;-</marc:subfield>
            <marc:subfield code="i">&lt;1941&gt;-</marc:subfield>
            <marc:subfield code="x">provisional</marc:subfield>
         </marc:datafield>
         <marc:datafield tag="891" ind1="0" ind2="2">
            <marc:subfield code="9">853</marc:subfield>
            <marc:subfield code="8">2</marc:subfield>
            <marc:subfield code="a">v.</marc:subfield>
            <marc:subfield code="i">(year)</marc:subfield>
            <marc:subfield code="w">02</marc:subfield>
         </marc:datafield>
         <marc:datafield tag="891" ind1="4" ind2="0">
            <marc:subfield code="9">863</marc:subfield>
            <marc:subfield code="8">2</marc:subfield>
            <marc:subfield code="a">&lt;47&gt;-</marc:subfield>
            <marc:subfield code="i">&lt;1977&gt;</marc:subfield>
            <marc:subfield code="x">provisional</marc:subfield>
         </marc:datafield>
         <marc:datafield tag="891" ind1="0" ind2="2">
            <marc:subfield code="9">853</marc:subfield>
            <marc:subfield code="8">3</marc:subfield>
            <marc:subfield code="a">v.</marc:subfield>
            <marc:subfield code="i">(year)</marc:subfield>
            <marc:subfield code="w">a</marc:subfield>
         </marc:datafield>
         <marc:datafield tag="891" ind1="4" ind2="1">
            <marc:subfield code="9">863</marc:subfield>
            <marc:subfield code="8">3</marc:subfield>
            <marc:subfield code="a">&lt;51&gt;</marc:subfield>
            <marc:subfield code="i">&lt;1981&gt;</marc:subfield>
            <marc:subfield code="x">provisional</marc:subfield>
         </marc:datafield>
         <marc:datafield tag="891" ind1="1" ind2="2">
            <marc:subfield code="9">853</marc:subfield>
            <marc:subfield code="8">4</marc:subfield>
            <marc:subfield code="a">v.</marc:subfield>
            <marc:subfield code="i">(year)</marc:subfield>
            <marc:subfield code="w">02</marc:subfield>
         </marc:datafield>
         <marc:datafield tag="891" ind1="4" ind2="0">
            <marc:subfield code="9">863</marc:subfield>
            <marc:subfield code="8">4</marc:subfield>
            <marc:subfield code="a">&lt;52&gt;-</marc:subfield>
            <marc:subfield code="i">&lt;1982&gt;-</marc:subfield>
            <marc:subfield code="x">provisional</marc:subfield>
         </marc:datafield>
         <marc:datafield tag="994" ind1=" " ind2=" ">
            <marc:subfield code="a">C0</marc:subfield>
            <marc:subfield code="b">PAU</marc:subfield>
         </marc:datafield>
      </marc:record>