
   </integ:BIB_ID>
   <integ:BIB_ID id="80" self="true">
      <marc:record xmlns:marc="http://www.loc.gov/MARC21/slim">
         <marc:leader>04347cas a2200817|a 4500</marc:leader>
         <marc:controlfield tag="001">80</marc:controlfield>
         <marc:controlfield tag="005">20030825153640.0</marc:controlfield>
         <marc:controlfield tag="008">751101u18239999enkwr p       0uuu 0eng  </marc:controlfield>
         <marc:datafield tag="010" ind1=" " ind2=" ">
            <marc:subfield code="a">sf 82002015 </marc:subfield>
         </marc:datafield>
         <marc:datafield tag="022" ind1=" " ind2=" ">
            <marc:subfield code="a">0099-5355</marc:subfield>
            <marc:subfield code="z">0023-7507</marc:subfield>
            <marc:subfield code="y">0140-6736</marc:subfield>
         </marc:datafield>
         <marc:datafield tag="035" ind1=" " ind2=" ">
            <marc:subfield code="a">(CStRLIN)PAUG1755507-S</marc:subfield>
         </marc:datafield>
         <marc:datafield tag="035" ind1=" " ind2=" ">
            <marc:subfield code="9">AAA0079</marc:subfield>
         </marc:datafield>
         <marc:datafield tag="035" ind1=" " ind2=" ">
            <marc:subfield code="a">(PUVoyagerBIBID)80</marc:subfield>
         </marc:datafield>
         <marc:datafield tag="040" ind1=" " ind2=" ">
            <marc:subfield code="c">MUL</marc:subfield>
            <marc:subfield code="d">OCoLC</marc:subfield>
            <marc:subfield code="d">NIC</marc:subfield>
            <marc:subfield code="d">MH</marc:subfield>
            <marc:subfield code="d">N</marc:subfield>
            <marc:subfield code="d">DLC</marc:subfield>
            <marc:subfield code="d">SER</marc:subfield>
            <marc:subfield code="d">RCS</marc:subfield>
         </marc:datafield>
         <marc:datafield tag="042" ind1=" " ind2=" ">
            <marc:subfield code="a">lc</marc:subfield>
         </marc:datafield>
         <marc:datafield tag="050" ind1="0" ind2=" ">
            <marc:subfield code="a">R31</marc:subfield>
            <marc:subfield code="b">.L3</marc:subfield>
         </marc:datafield>
         <marc:datafield tag="130" ind1="0" ind2="0">
            <marc:subfield code="a">Lancet (London, England)</marc:subfield>
         </marc:datafield>
         <marc:datafield tag="245" ind1="1" ind2="4">
            <marc:subfield code="a">The Lancet.</marc:subfield>
         </marc:datafield>
         <marc:datafield tag="260" ind1="0" ind2="0">
            <marc:subfield code="a">London :</marc:subfield>
            <marc:subfield code="b">J. Onwhyn,</marc:subfield>
            <marc:subfield code="c">1823-</marc:subfield>
         </marc:datafield>
         <marc:datafield tag="300" ind1=" " ind2=" ">
            <marc:subfield code="a">v. :</marc:subfield>
            <marc:subfield code="b">ill. ;</marc:subfield>
            <marc:subfield code="c">22-27 cm.</marc:subfield>
         </marc:datafield>
         <marc:datafield tag="310" ind1=" " ind2=" ">
            <marc:subfield code="a">Weekly</marc:subfield>
         </marc:datafield>
         <marc:datafield tag="362" ind1="0" ind2=" ">
            <marc:subfield code="a">Vol. 1, no. 1 (Oct. 5, 1823)-</marc:subfield>
         </marc:datafield>
         <marc:datafield tag="515" ind1=" " ind2=" ">
            <marc:subfield code="a">Volume designation varies: v. 1-12 issued 1823-1827; from 1827 to 1907 two unnumbered vols. issued annually; from 1907-1960 vols. numbered 174-279; from 1960-   two unnumbered volumes issued annually.</marc:subfield>
         </marc:datafield>
         <marc:datafield tag="530" ind1=" " ind2=" ">
            <marc:subfield code="a">Also available in online editions.</marc:subfield>
         </marc:datafield>
         <marc:datafield tag="580" ind1=" " ind2=" ">
            <marc:subfield code="a">Also issued 1842-1892 in an American edition called: London lancet; 189 -196 , in a New York edition; and July 1966-   in a North American edition.</marc:subfield>
         </marc:datafield>
         <marc:datafield tag="590" ind1=" " ind2=" ">
            <marc:subfield code="a">In U. of P. Libraries, beginning with vols. for 1966, the edition held is the North American edition, which has identical editorial content as    the London edition.</marc:subfield>
         </marc:datafield>
         <marc:datafield tag="650" ind1=" " ind2="0">
            <marc:subfield code="a">Medicine</marc:subfield>
            <marc:subfield code="x">Periodicals.</marc:subfield>
         </marc:datafield>
         <marc:datafield tag="775" ind1="1" ind2=" ">
            <marc:subfield code="t">London lancet</marc:subfield>
         </marc:datafield>
         <marc:datafield tag="775" ind1="1" ind2=" ">
            <marc:subfield code="t">Lancet (New York)</marc:subfield>
         </marc:datafield>
         <marc:datafield tag="775" ind1="1" ind2=" ">
            <marc:subfield code="t">Lancet (North American edition)</marc:subfield>
            <marc:subfield code="x">0099-5355</marc:subfield>
         </marc:datafield>
         <marc:datafield tag="776" ind1="1" ind2=" ">
            <marc:subfield code="t">Lancet interactive</marc:subfield>
         </marc:datafield>
         <marc:datafield tag="776" ind1="1" ind2=" ">
            <marc:subfield code="t">Lancet (London, England : Online)</marc:subfield>
         </marc:datafield>
         <marc:datafield tag="856" ind1="4" ind2="0">
            <marc:subfield code="u">http://hdl.library.upenn.edu/1017/4789</marc:subfield>
            <marc:subfield code="z">From: ScienceDirect</marc:subfield>
         </marc:datafield>
         <marc:datafield tag="856" ind1="4" ind2="0">
            <marc:subfield code="u">http://hdl.library.upenn.edu/1017/4788</marc:subfield>
            <marc:subfield code="z">From: The Lancet</marc:subfield>
         </marc:datafield>
         <marc:datafield tag="856" ind1="4" ind2="0">
            <marc:subfield code="u">http://hdl.library.upenn.edu/1017/4789</marc:subfield>
            <marc:subfield code="z">From: The Lancet</marc:subfield>
         </marc:datafield>
         <marc:datafield tag="950" ind1=" " ind2=" ">
            <marc:subfield code="l">VPL</marc:subfield>
            <marc:subfield code="e">100,104,106\\Other\sets in\Dent\PER\\NBC\Vet\</marc:subfield>
            <marc:subfield code="e">105\\see also\film\cont.\436\</marc:subfield>
            <marc:subfield code="v">1823-1879</marc:subfield>
            <marc:subfield code="i">02/03/88 RL</marc:subfield>
            <marc:subfield code="h">04/30/84 C</marc:subfield>
            <marc:subfield code="h">03/01/84 N ?104:rme ?105:rsl</marc:subfield>
            <marc:subfield code="h">01/01/01 N</marc:subfield>
         </marc:datafield>
         <marc:datafield tag="950" ind1=" " ind2=" ">
            <marc:subfield code="l">DENT</marc:subfield>
            <marc:subfield code="b">\PER\</marc:subfield>
            <marc:subfield code="z">Currently received. Unbound issues in Dental Library</marc:subfield>
            <marc:subfield code="i">02/03/88 C</marc:subfield>
         </marc:datafield>
         <marc:datafield tag="950" ind1=" " ind2=" ">
            <marc:subfield code="l">NBC</marc:subfield>
            <marc:subfield code="e">104\\Current.\rec'd\</marc:subfield>
            <marc:subfield code="v">y.1969-June 1985, Apr.-Dec.1986,Jan.-Mar.1987</marc:subfield>
            <marc:subfield code="z">Currently received</marc:subfield>
            <marc:subfield code="p">3</marc:subfield>
            <marc:subfield code="i">02/03/88 N</marc:subfield>
            <marc:subfield code="h">10/08/87 C</marc:subfield>
            <marc:subfield code="h">09/08/87 C</marc:subfield>
            <marc:subfield code="h">05/01/87 C</marc:subfield>
            <marc:subfield code="h">08/15/86 C</marc:subfield>
            <marc:subfield code="h">11/13/85 C</marc:subfield>
            <marc:subfield code="h">09/03/85 C</marc:subfield>
            <marc:subfield code="h">05/03/85 C</marc:subfield>
            <marc:subfield code="h">01/17/85 C</marc:subfield>
            <marc:subfield code="h">06/20/84 C</marc:subfield>
            <marc:subfield code="h">04/30/84 C</marc:subfield>
            <marc:subfield code="h">03/01/84 N ?105:rsl</marc:subfield>
         </marc:datafield>
         <marc:datafield tag="950" ind1=" " ind2=" ">
            <marc:subfield code="l">VET</marc:subfield>
            <marc:subfield code="a">610.5</marc:subfield>
            <marc:subfield code="b">L22</marc:subfield>
            <marc:subfield code="e">104\\Current.\rec'd\</marc:subfield>
            <marc:subfield code="v">yJuly1948, 1958-1987 Some vols. inc.</marc:subfield>
            <marc:subfield code="z">Currently received</marc:subfield>
            <marc:subfield code="p">3</marc:subfield>
            <marc:subfield code="i">02/03/88 N</marc:subfield>
            <marc:subfield code="h">12/02/87 C</marc:subfield>
            <marc:subfield code="h">06/29/87 C</marc:subfield>
            <marc:subfield code="h">05/28/87 C</marc:subfield>
            <marc:subfield code="h">12/23/86 C</marc:subfield>
            <marc:subfield code="h">11/13/86 C</marc:subfield>
            <marc:subfield code="h">10/28/86 C</marc:subfield>
            <marc:subfield code="h">06/30/86 C</marc:subfield>
            <marc:subfield code="h">04/21/86 C</marc:subfield>
            <marc:subfield code="h">11/18/85 C</marc:subfield>
            <marc:subfield code="h">05/21/85 C</marc:subfield>
            <marc:subfield code="h">11/16/84 C</marc:subfield>
            <marc:subfield code="h">10/31/84 C</marc:subfield>
            <marc:subfield code="h">05/23/84 C</marc:subfield>
            <marc:subfield code="h">04/30/84 C</marc:subfield>
            <marc:subfield code="h">03/01/84 N ?105:rsl</marc:subfield>
         </marc:datafield>
         <marc:datafield tag="955" ind1=" " ind2=" ">
            <marc:subfield code="l">DENT</marc:subfield>
            <marc:subfield code="q">ser. DT</marc:subfield>
            <marc:subfield code="i">02/03/88 C</marc:subfield>
         </marc:datafield>
         <marc:datafield tag="955" ind1=" " ind2=" ">
            <marc:subfield code="l">VPL</marc:subfield>
            <marc:subfield code="q">g.Med.Lib.</marc:subfield>
            <marc:subfield code="s">SHELFLIST FILED IN SERIALS DEPT</marc:subfield>
            <marc:subfield code="h">03/01/84 C</marc:subfield>
         </marc:datafield>
         <marc:datafield tag="955" ind1=" " ind2=" ">
            <marc:subfield code="l">NBC</marc:subfield>
            <marc:subfield code="c">1:(Ap-Je 1983)</marc:subfield>
            <marc:subfield code="q">Vet.Lib.</marc:subfield>
            <marc:subfield code="s">SHELFLIST FOR EARLIER VOLS IN SERIALS DEPT</marc:subfield>
            <marc:subfield code="h">03/01/84 C</marc:subfield>
         </marc:datafield>
         <marc:datafield tag="955" ind1=" " ind2=" ">
            <marc:subfield code="l">NBC</marc:subfield>
            <marc:subfield code="c">1:(Jl-S 1983)</marc:subfield>
            <marc:subfield code="h">04/30/84 C</marc:subfield>
         </marc:datafield>
         <marc:datafield tag="955" ind1=" " ind2=" ">
            <marc:subfield code="l">NBC</marc:subfield>
            <marc:subfield code="c">1:(O-D 1983)</marc:subfield>
            <marc:subfield code="h">06/20/84 C</marc:subfield>
         </marc:datafield>
         <marc:datafield tag="955" ind1=" " ind2=" ">
            <marc:subfield code="l">NBC</marc:subfield>
            <marc:subfield code="c">1:(Ja-Mr 1984)</marc:subfield>
            <marc:subfield code="h">01/17/85 C</marc:subfield>
         </marc:datafield>
         <marc:datafield tag="955" ind1=" " ind2=" ">
            <marc:subfield code="l">NBC</marc:subfield>
            <marc:subfield code="c">1:(Ap-Je 1984)</marc:subfield>
            <marc:subfield code="h">01/17/85 C</marc:subfield>
         </marc:datafield>
         <marc:datafield tag="955" ind1=" " ind2=" ">
            <marc:subfield code="l">NBC</marc:subfield>
            <marc:subfield code="c">1:(Jl-S 1984)</marc:subfield>
            <marc:subfield code="h">05/03/85 C</marc:subfield>
         </marc:datafield>
         <marc:datafield tag="955" ind1=" " ind2=" ">
            <marc:subfield code="l">NBC</marc:subfield>
            <marc:subfield code="c">1:(O-D 1984)</marc:subfield>
            <marc:subfield code="h">05/03/85 C</marc:subfield>
         </marc:datafield>
         <marc:datafield tag="955" ind1=" " ind2=" ">
            <marc:subfield code="l">NBC</marc:subfield>
            <marc:subfield code="c">1:(Ja-Mr 1985)</marc:subfield>
            <marc:subfield code="h">09/03/85 C</marc:subfield>
         </marc:datafield>
         <marc:datafield tag="955" ind1=" " ind2=" ">
            <marc:subfield code="l">NBC</marc:subfield>
            <marc:subfield code="c">1:(Ap-Je 1985)</marc:subfield>
            <marc:subfield code="h">11/13/85 C</marc:subfield>
         </marc:datafield>
         <marc:datafield tag="955" ind1=" " ind2=" ">
            <marc:subfield code="l">NBC</marc:subfield>
            <marc:subfield code="c">1:(Ja-Mr 1986)</marc:subfield>
            <marc:subfield code="h">08/15/86 C</marc:subfield>
         </marc:datafield>
         <marc:datafield tag="955" ind1=" " ind2=" ">
            <marc:subfield code="l">NBC</marc:subfield>
            <marc:subfield code="c">1:(Ap-Je 1986)</marc:subfield>
            <marc:subfield code="h">05/01/87 C</marc:subfield>
         </marc:datafield>
         <marc:datafield tag="955" ind1=" " ind2=" ">
            <marc:subfield code="l">NBC</marc:subfield>
            <marc:subfield code="c">1:(Ja-Mr 1987)</marc:subfield>
            <marc:subfield code="h">09/08/87 C</marc:subfield>
         </marc:datafield>
         <marc:datafield tag="955" ind1=" " ind2=" ">
            <marc:subfield code="l">NBC</marc:subfield>
            <marc:subfield code="c">1:(Jl-S 1986)</marc:subfield>
            <marc:subfield code="h">10/08/87 C</marc:subfield>
         </marc:datafield>
         <marc:datafield tag="955" ind1=" " ind2=" ">
            <marc:subfield code="l">NBC</marc:subfield>
            <marc:subfield code="c">1:(O-D 1986)</marc:subfield>
            <marc:subfield code="h">10/08/87 C</marc:subfield>
         </marc:datafield>
         <marc:datafield tag="955" ind1=" " ind2=" ">
            <marc:subfield code="l">VPL</marc:subfield>
            <marc:subfield code="h">03/01/84 C</marc:subfield>
         </marc:datafield>
         <marc:datafield tag="955" ind1=" " ind2=" ">
            <marc:subfield code="l">VET</marc:subfield>
            <marc:subfield code="c">1:(Jl-S 1983 no.8340-8352)</marc:subfield>
            <marc:subfield code="q">ser.SF</marc:subfield>
            <marc:subfield code="s">SHELFLIST FOR EARLIER VOLS IN SERIALS DEPT</marc:subfield>
            <marc:subfield code="h">03/01/84 C</marc:subfield>
         </marc:datafield>
         <marc:datafield tag="955" ind1=" " ind2=" ">
            <marc:subfield code="l">VET</marc:subfield>
            <marc:subfield code="c">1:(O-D 1983 no. 8353-8364)</marc:subfield>
            <marc:subfield code="h">04/30/84 C</marc:subfield>
         </marc:datafield>
         <marc:datafield tag="955" ind1=" " ind2=" ">
            <marc:subfield code="l">VET</marc:subfield>
            <marc:subfield code="c">1:(Ja-Mr 1984 no.8367-8378)</marc:subfield>
            <marc:subfield code="h">05/23/84 C</marc:subfield>
         </marc:datafield>
         <marc:datafield tag="955" ind1=" " ind2=" ">
            <marc:subfield code="l">VET</marc:subfield>
            <marc:subfield code="c">1:(Ap-Je 1984 no.8380-8392)</marc:subfield>
            <marc:subfield code="h">10/31/84 C</marc:subfield>
         </marc:datafield>
         <marc:datafield tag="955" ind1=" " ind2=" ">
            <marc:subfield code="l">VET</marc:subfield>
            <marc:subfield code="c">1:(Jl-S 1984 no.8393-8405)</marc:subfield>
            <marc:subfield code="h">11/16/84 C</marc:subfield>
         </marc:datafield>
         <marc:datafield tag="955" ind1=" " ind2=" ">
            <marc:subfield code="l">VET</marc:subfield>
            <marc:subfield code="c">1:(0-D 1984 no.8406-8417/8)</marc:subfield>
            <marc:subfield code="h">05/21/85 C</marc:subfield>
         </marc:datafield>
         <marc:datafield tag="955" ind1=" " ind2=" ">
            <marc:subfield code="l">VET</marc:subfield>
            <marc:subfield code="c">1:(Ja-Mr 1985 no.8419-8431)</marc:subfield>
            <marc:subfield code="h">05/21/85 C</marc:subfield>
         </marc:datafield>
         <marc:datafield tag="955" ind1=" " ind2=" ">
            <marc:subfield code="l">VET</marc:subfield>
            <marc:subfield code="c">1:(Jl-S 1985 pp1-738)</marc:subfield>
            <marc:subfield code="h">11/18/85 C</marc:subfield>
         </marc:datafield>
         <marc:datafield tag="955" ind1=" " ind2=" ">
            <marc:subfield code="l">VET</marc:subfield>
            <marc:subfield code="c">1:(O-D 1985 pp739-1444)</marc:subfield>
            <marc:subfield code="h">04/21/86 C</marc:subfield>
         </marc:datafield>
         <marc:datafield tag="955" ind1=" " ind2=" ">
            <marc:subfield code="l">VET</marc:subfield>
            <marc:subfield code="c">1:(Ja-Mr 1986 pp1-754)</marc:subfield>
            <marc:subfield code="h">06/30/86 C</marc:subfield>
         </marc:datafield>
         <marc:datafield tag="955" ind1=" " ind2=" ">
            <marc:subfield code="l">VET</marc:subfield>
            <marc:subfield code="c">1:(Ap-Je 1986 pp755-1572)</marc:subfield>
            <marc:subfield code="h">10/28/86 C</marc:subfield>
         </marc:datafield>
         <marc:datafield tag="955" ind1=" " ind2=" ">
            <marc:subfield code="l">VET</marc:subfield>
            <marc:subfield code="c">1:(Jl-S 1986 pp1-762)</marc:subfield>
            <marc:subfield code="h">12/23/86 C</marc:subfield>
         </marc:datafield>
         <marc:datafield tag="955" ind1=" " ind2=" ">
            <marc:subfield code="l">VET</marc:subfield>
            <marc:subfield code="c">1:(O-D 1986 pp763-1474)</marc:subfield>
            <marc:subfield code="h">05/28/87 C</marc:subfield>
         </marc:datafield>
         <marc:datafield tag="955" ind1=" " ind2=" ">
            <marc:subfield code="l">VET</marc:subfield>
            <marc:subfield code="c">1:(Ja-Mr 1987 pp1-760)</marc:subfield>
            <marc:subfield code="h">06/29/87 C</marc:subfield>
         </marc:datafield>
         <marc:datafield tag="955" ind1=" " ind2=" ">
            <marc:subfield code="l">VET</marc:subfield>
            <marc:subfield code="c">1:(Jl-S 1987 pp.1-756)</marc:subfield>
            <marc:subfield code="h">12/02/87 C</marc:subfield>
         </marc:datafield>
      </marc:record>