
   </integ:BIB_ID>
   <integ:BIB_ID id="30580" self="true">
      <marc:record xmlns:marc="http://www.loc.gov/MARC21/slim">
         <marc:leader>01359cas a2200289Ma 4500</marc:leader>
         <marc:controlfield tag="001">30580</marc:controlfield>
         <marc:controlfield tag="005">20081202103225.0</marc:controlfield>
         <marc:controlfield tag="008">870717d18681944gw uu p       0   a0ger d</marc:controlfield>
         <marc:datafield tag="035" ind1=" " ind2=" ">
            <marc:subfield code="a">(OCoLC)ocn219854722</marc:subfield>
         </marc:datafield>
         <marc:datafield tag="040" ind1=" " ind2=" ">
            <marc:subfield code="a">AU@</marc:subfield>
            <marc:subfield code="b">eng</marc:subfield>
            <marc:subfield code="c">AU@</marc:subfield>
         </marc:datafield>
         <marc:datafield tag="035" ind1=" " ind2=" ">
            <marc:subfield code="a">(OCoLC)219854722</marc:subfield>
         </marc:datafield>
         <marc:datafield tag="050" ind1=" " ind2="4">
            <marc:subfield code="a">QD1</marc:subfield>
            <marc:subfield code="b">.D4</marc:subfield>
         </marc:datafield>
         <marc:datafield tag="049" ind1=" " ind2=" ">
            <marc:subfield code="a">PAUU</marc:subfield>
         </marc:datafield>
         <marc:datafield tag="110" ind1="2" ind2=" ">
            <marc:subfield code="a">Deutsche Chemische Gesellschaft.</marc:subfield>
         </marc:datafield>
         <marc:datafield tag="245" ind1="1" ind2="0">
            <marc:subfield code="a">Berichte der Deutschen Chemischen Gesellschaft zu Berlin.</marc:subfield>
         </marc:datafield>
         <marc:datafield tag="246" ind1="3" ind2="3">
            <marc:subfield code="a">Berichte der Deutschen Chemischen Gesellschaft</marc:subfield>
         </marc:datafield>
         <marc:datafield tag="260" ind1=" " ind2=" ">
            <marc:subfield code="a">Berlin :</marc:subfield>
            <marc:subfield code="b">F. Dümmlers Verlagsbuchh.,</marc:subfield>
            <marc:subfield code="c">1868-1944.</marc:subfield>
         </marc:datafield>
         <marc:datafield tag="300" ind1=" " ind2=" ">
            <marc:subfield code="a">77 v. :</marc:subfield>
            <marc:subfield code="b">ill. ;</marc:subfield>
            <marc:subfield code="c">22-24 cm.</marc:subfield>
         </marc:datafield>
         <marc:datafield tag="362" ind1="0" ind2=" ">
            <marc:subfield code="a">1. Jahrg. (1868)-77. Jahrg. (1944).</marc:subfield>
         </marc:datafield>
         <marc:datafield tag="500" ind1=" " ind2=" ">
            <marc:subfield code="a">Title varies slightly: 10. Jahrg.-77 Jahrg., Berichte der Deutschen Chemischen Gesellschaft.</marc:subfield>
         </marc:datafield>
         <marc:datafield tag="515" ind1=" " ind2=" ">
            <marc:subfield code="a">Vol. 78-79 omitted in numbering.</marc:subfield>
         </marc:datafield>
         <marc:datafield tag="555" ind1=" " ind2=" ">
            <marc:subfield code="a">General register, vols. 1-10, 1868-77, 1 v.; vols. 11-20, 1878-87, 2 v.; vols. 21-29, 1888-96, 2 v. in 3; Autoren-General Register, vols. 30-40, 1897-1907, 1 v.; vols. 41-50, 1908-17, with index to v. 30-40; vols. 51-60, 1918-27. 1 v. Vols. 61-70, 1928-37, 1 v.; vols. 71-77/79, 1938-44/46, 1 v.</marc:subfield>
         </marc:datafield>
         <marc:datafield tag="610" ind1="2" ind2="0">
            <marc:subfield code="a">Deutsche Chemische Gesellschaft</marc:subfield>
            <marc:subfield code="x">Periodicals.</marc:subfield>
         </marc:datafield>
         <marc:datafield tag="650" ind1=" " ind2="0">
            <marc:subfield code="a">Chemistry</marc:subfield>
            <marc:subfield code="v">Periodicals.</marc:subfield>
         </marc:datafield>
         <marc:datafield tag="710" ind1="2" ind2=" ">
            <marc:subfield code="a">Deutsche Chemische Gesellschaft.</marc:subfield>
            <marc:subfield code="t">Berichte der Deutschen Chemischen Gesellschaft.</marc:subfield>
         </marc:datafield>
         <marc:datafield tag="785" ind1="0" ind2="0">
            <marc:subfield code="t">Chemische Berichte</marc:subfield>
            <marc:subfield code="x">0009-2940</marc:subfield>
         </marc:datafield>
         <marc:datafield tag="994" ind1=" " ind2=" ">
            <marc:subfield code="a">C0</marc:subfield>
            <marc:subfield code="b">PAU</marc:subfield>
         </marc:datafield>
      </marc:record>