
   </integ:BIB_ID>
   <integ:BIB_ID id="49090" self="true">
      <marc:record xmlns:marc="http://www.loc.gov/MARC21/slim">
         <marc:leader>02474cas a2200613   4500</marc:leader>
         <marc:controlfield tag="001">49090</marc:controlfield>
         <marc:controlfield tag="005">20090205075822.0</marc:controlfield>
         <marc:controlfield tag="008">760712d19791994gw mr p       0   b0ger d</marc:controlfield>
         <marc:datafield tag="010" ind1=" " ind2=" ">
            <marc:subfield code="a">   80644142 </marc:subfield>
            <marc:subfield code="z">sn 80012916 </marc:subfield>
         </marc:datafield>
         <marc:datafield tag="035" ind1=" " ind2=" ">
            <marc:subfield code="a">(OCoLC)ocm04719928</marc:subfield>
         </marc:datafield>
         <marc:datafield tag="040" ind1=" " ind2=" ">
            <marc:subfield code="a">IAD</marc:subfield>
            <marc:subfield code="c">IAD</marc:subfield>
            <marc:subfield code="d">COO</marc:subfield>
            <marc:subfield code="d">OCL</marc:subfield>
            <marc:subfield code="d">NLM</marc:subfield>
            <marc:subfield code="d">MUL</marc:subfield>
            <marc:subfield code="d">NSD</marc:subfield>
            <marc:subfield code="d">DLC</marc:subfield>
            <marc:subfield code="d">NST</marc:subfield>
            <marc:subfield code="d">SER</marc:subfield>
            <marc:subfield code="d">RCS</marc:subfield>
            <marc:subfield code="d">AIP</marc:subfield>
            <marc:subfield code="d">NST</marc:subfield>
            <marc:subfield code="d">AIP</marc:subfield>
            <marc:subfield code="d">NST</marc:subfield>
            <marc:subfield code="d">DLC</marc:subfield>
            <marc:subfield code="d">NSD</marc:subfield>
            <marc:subfield code="d">NST</marc:subfield>
            <marc:subfield code="d">CUS</marc:subfield>
            <marc:subfield code="d">NYG</marc:subfield>
            <marc:subfield code="d">GUA</marc:subfield>
            <marc:subfield code="d">DLC</marc:subfield>
            <marc:subfield code="d">AGL</marc:subfield>
            <marc:subfield code="d">IUL</marc:subfield>
            <marc:subfield code="d">OCLCQ</marc:subfield>
            <marc:subfield code="d">NLGGC</marc:subfield>
            <marc:subfield code="d">LVB</marc:subfield>
            <marc:subfield code="d">MYG</marc:subfield>
         </marc:datafield>
         <marc:datafield tag="016" ind1="7" ind2=" ">
            <marc:subfield code="a">7907963</marc:subfield>
            <marc:subfield code="2">DNLM</marc:subfield>
         </marc:datafield>
         <marc:datafield tag="016" ind1="7" ind2=" ">
            <marc:subfield code="a">L08300000</marc:subfield>
            <marc:subfield code="2">DNLM</marc:subfield>
         </marc:datafield>
         <marc:datafield tag="022" ind1="0" ind2=" ">
            <marc:subfield code="a">0170-2041</marc:subfield>
            <marc:subfield code="2">z</marc:subfield>
         </marc:datafield>
         <marc:datafield tag="030" ind1=" " ind2=" ">
            <marc:subfield code="a">LACHDL</marc:subfield>
         </marc:datafield>
         <marc:datafield tag="032" ind1=" " ind2=" ">
            <marc:subfield code="a">346490</marc:subfield>
            <marc:subfield code="b">USPS</marc:subfield>
         </marc:datafield>
         <marc:datafield tag="035" ind1=" " ind2=" ">
            <marc:subfield code="a">(OCoLC)4719928</marc:subfield>
         </marc:datafield>
         <marc:datafield tag="041" ind1="0" ind2=" ">
            <marc:subfield code="a">gereng</marc:subfield>
            <marc:subfield code="b">eng</marc:subfield>
         </marc:datafield>
         <marc:datafield tag="042" ind1=" " ind2=" ">
            <marc:subfield code="a">nsdp</marc:subfield>
            <marc:subfield code="a">lc</marc:subfield>
         </marc:datafield>
         <marc:datafield tag="050" ind1="0" ind2="0">
            <marc:subfield code="a">QD1</marc:subfield>
            <marc:subfield code="b">.L7</marc:subfield>
         </marc:datafield>
         <marc:datafield tag="060" ind1="0" ind2="0">
            <marc:subfield code="a">W1</marc:subfield>
            <marc:subfield code="b">LI26</marc:subfield>
         </marc:datafield>
         <marc:datafield tag="070" ind1="0" ind2=" ">
            <marc:subfield code="a">384</marc:subfield>
            <marc:subfield code="b">An7</marc:subfield>
         </marc:datafield>
         <marc:datafield tag="072" ind1=" " ind2="0">
            <marc:subfield code="a">X500</marc:subfield>
         </marc:datafield>
         <marc:datafield tag="049" ind1=" " ind2=" ">
            <marc:subfield code="a">PAUU</marc:subfield>
         </marc:datafield>
         <marc:datafield tag="210" ind1="0" ind2=" ">
            <marc:subfield code="a">Liebigs Ann. Chem.</marc:subfield>
         </marc:datafield>
         <marc:datafield tag="222" ind1=" " ind2="0">
            <marc:subfield code="a">Liebigs Annalen der Chemie</marc:subfield>
         </marc:datafield>
         <marc:datafield tag="242" ind1="0" ind2="0">
            <marc:subfield code="a">Liebig's annals of chemistry.</marc:subfield>
            <marc:subfield code="y">eng</marc:subfield>
         </marc:datafield>
         <marc:datafield tag="245" ind1="0" ind2="0">
            <marc:subfield code="a">Liebigs Annalen der Chemie.</marc:subfield>
         </marc:datafield>
         <marc:datafield tag="246" ind1="3" ind2="0">
            <marc:subfield code="a">Annalen der Chemie</marc:subfield>
         </marc:datafield>
         <marc:datafield tag="260" ind1=" " ind2=" ">
            <marc:subfield code="a">Weinheim [Ger.],</marc:subfield>
            <marc:subfield code="a">Deerfield Beach, Fla.,</marc:subfield>
            <marc:subfield code="b">VCH Verlagsgesellschaft [etc.]</marc:subfield>
         </marc:datafield>
         <marc:datafield tag="300" ind1=" " ind2=" ">
            <marc:subfield code="a">16 v.</marc:subfield>
            <marc:subfield code="b">ill.</marc:subfield>
            <marc:subfield code="c">24-28 cm.</marc:subfield>
         </marc:datafield>
         <marc:datafield tag="310" ind1=" " ind2=" ">
            <marc:subfield code="a">Monthly</marc:subfield>
         </marc:datafield>
         <marc:datafield tag="362" ind1="0" ind2=" ">
            <marc:subfield code="a">Jan. 1979-Dec. 1994.</marc:subfield>
         </marc:datafield>
         <marc:datafield tag="510" ind1="2" ind2=" ">
            <marc:subfield code="a">Chemical abstracts</marc:subfield>
            <marc:subfield code="x">0009-2258</marc:subfield>
         </marc:datafield>
         <marc:datafield tag="515" ind1=" " ind2=" ">
            <marc:subfield code="a">Vols. have also inclusive numbering each year.</marc:subfield>
         </marc:datafield>
         <marc:datafield tag="530" ind1=" " ind2=" ">
            <marc:subfield code="a">Also issued online.</marc:subfield>
         </marc:datafield>
         <marc:datafield tag="546" ind1=" " ind2=" ">
            <marc:subfield code="a">German and English, with summaries in English.</marc:subfield>
         </marc:datafield>
         <marc:datafield tag="550" ind1=" " ind2=" ">
            <marc:subfield code="a">Published under the auspices of the Gesellschaft Deutscher Chemiker, -1994.</marc:subfield>
         </marc:datafield>
         <marc:datafield tag="580" ind1=" " ind2=" ">
            <marc:subfield code="a">Merged with: Part B (Organic chemistry) of Chemische Berichte, ISSN 0009-2940, to form: Liebigs Annalen, ISSN 0947-3440.</marc:subfield>
         </marc:datafield>
         <marc:datafield tag="650" ind1=" " ind2="0">
            <marc:subfield code="a">Chemistry, Organic</marc:subfield>
            <marc:subfield code="v">Periodicals.</marc:subfield>
         </marc:datafield>
         <marc:datafield tag="650" ind1=" " ind2="0">
            <marc:subfield code="a">Biochemistry</marc:subfield>
            <marc:subfield code="v">Periodicals.</marc:subfield>
         </marc:datafield>
         <marc:datafield tag="650" ind1=" " ind2="2">
            <marc:subfield code="a">Chemistry</marc:subfield>
            <marc:subfield code="v">Periodicals.</marc:subfield>
         </marc:datafield>
         <marc:datafield tag="650" ind1="1" ind2="7">
            <marc:subfield code="a">Chemie.</marc:subfield>
            <marc:subfield code="2">gtt</marc:subfield>
         </marc:datafield>
         <marc:datafield tag="650" ind1=" " ind2="6">
            <marc:subfield code="a">Chimie</marc:subfield>
            <marc:subfield code="v">Périodiques.</marc:subfield>
         </marc:datafield>
         <marc:datafield tag="650" ind1=" " ind2="6">
            <marc:subfield code="a">Pharmacie</marc:subfield>
            <marc:subfield code="v">Périodiques.</marc:subfield>
         </marc:datafield>
         <marc:datafield tag="700" ind1="1" ind2=" ">
            <marc:subfield code="a">Liebig, Justus,</marc:subfield>
            <marc:subfield code="c">Freiherr von,</marc:subfield>
            <marc:subfield code="d">1803-1873.</marc:subfield>
         </marc:datafield>
         <marc:datafield tag="710" ind1="2" ind2=" ">
            <marc:subfield code="a">Gesellschaft Deutscher Chemiker.</marc:subfield>
         </marc:datafield>
         <marc:datafield tag="780" ind1="0" ind2="0">
            <marc:subfield code="t">Justus Liebigs Annalen der Chemie</marc:subfield>
            <marc:subfield code="w">(DLC)   08036877</marc:subfield>
            <marc:subfield code="w">(OCoLC)1754927</marc:subfield>
         </marc:datafield>
         <marc:datafield tag="785" ind1="1" ind2="7">
            <marc:subfield code="t">Chemische Berichte</marc:subfield>
            <marc:subfield code="x">0009-2940</marc:subfield>
            <marc:subfield code="w">(DLC)sn 80001781</marc:subfield>
            <marc:subfield code="w">(OCoLC)1554024</marc:subfield>
         </marc:datafield>
         <marc:datafield tag="785" ind1="1" ind2="7">
            <marc:subfield code="t">Liebigs Annalen</marc:subfield>
            <marc:subfield code="x">0947-3440</marc:subfield>
            <marc:subfield code="w">(DLC)   95652030</marc:subfield>
            <marc:subfield code="w">(OCoLC)31871296</marc:subfield>
         </marc:datafield>
         <marc:datafield tag="850" ind1=" " ind2=" ">
            <marc:subfield code="a">AU</marc:subfield>
            <marc:subfield code="a">ArU</marc:subfield>
            <marc:subfield code="a">AzTeS</marc:subfield>
            <marc:subfield code="a">AzU</marc:subfield>
            <marc:subfield code="a">CU-A</marc:subfield>
            <marc:subfield code="a">CaMWU</marc:subfield>
            <marc:subfield code="a">CaNBFU</marc:subfield>
            <marc:subfield code="a">CoFS</marc:subfield>
            <marc:subfield code="a">CtW</marc:subfield>
            <marc:subfield code="a">DLC</marc:subfield>
            <marc:subfield code="a">DNAL</marc:subfield>
            <marc:subfield code="a">FU</marc:subfield>
            <marc:subfield code="a">GU</marc:subfield>
            <marc:subfield code="a">InU</marc:subfield>
            <marc:subfield code="a">InU-M</marc:subfield>
            <marc:subfield code="a">KyU</marc:subfield>
            <marc:subfield code="a">MShM</marc:subfield>
            <marc:subfield code="a">MdU</marc:subfield>
            <marc:subfield code="a">MiDW</marc:subfield>
            <marc:subfield code="a">MnU</marc:subfield>
            <marc:subfield code="a">MsSM</marc:subfield>
            <marc:subfield code="a">MsU</marc:subfield>
            <marc:subfield code="a">N</marc:subfield>
            <marc:subfield code="a">NBC</marc:subfield>
            <marc:subfield code="a">NNC</marc:subfield>
            <marc:subfield code="a">NNStJ</marc:subfield>
            <marc:subfield code="a">NSyU</marc:subfield>
            <marc:subfield code="a">NcCU</marc:subfield>
            <marc:subfield code="a">NcD</marc:subfield>
            <marc:subfield code="a">NcU</marc:subfield>
            <marc:subfield code="a">NjR</marc:subfield>
            <marc:subfield code="a">OO</marc:subfield>
            <marc:subfield code="a">PPT</marc:subfield>
            <marc:subfield code="a">PPiU</marc:subfield>
            <marc:subfield code="a">TxArU</marc:subfield>
            <marc:subfield code="a">TxU</marc:subfield>
            <marc:subfield code="a">WM</marc:subfield>
            <marc:subfield code="a">WvU</marc:subfield>
            <marc:subfield code="a">WyU</marc:subfield>
         </marc:datafield>
         <marc:datafield tag="950" ind1=" " ind2=" ">
            <marc:subfield code="l">CHEM</marc:subfield>
            <marc:subfield code="a">QD1</marc:subfield>
            <marc:subfield code="b">.L7</marc:subfield>
            <marc:subfield code="i">01/01/01 N</marc:subfield>
            <marc:subfield code="x">034</marc:subfield>
         </marc:datafield>
         <marc:datafield tag="955" ind1=" " ind2=" ">
            <marc:subfield code="l">CHEM</marc:subfield>
            <marc:subfield code="c">1:1979-1993:June</marc:subfield>
            <marc:subfield code="s">ncr</marc:subfield>
         </marc:datafield>
         <marc:datafield tag="994" ind1=" " ind2=" ">
            <marc:subfield code="a">C0</marc:subfield>
            <marc:subfield code="b">PAU</marc:subfield>
         </marc:datafield>
      </marc:record>