
   </integ:BIB_ID>
   <integ:BIB_ID id="108319" self="true">
      <marc:record xmlns:marc="http://www.loc.gov/MARC21/slim">
         <marc:leader>04259cas a2200721 a 4500</marc:leader>
         <marc:controlfield tag="001">108319</marc:controlfield>
         <marc:controlfield tag="005">20101122125040.0</marc:controlfield>
         <marc:controlfield tag="008">850522d19851997fr br p   o   0   b0fre c</marc:controlfield>
         <marc:datafield tag="010" ind1=" " ind2=" ">
            <marc:subfield code="a">sn 86015884 </marc:subfield>
         </marc:datafield>
         <marc:datafield tag="035" ind1=" " ind2=" ">
            <marc:subfield code="a">(OCoLC)ocm12067665</marc:subfield>
         </marc:datafield>
         <marc:datafield tag="040" ind1=" " ind2=" ">
            <marc:subfield code="a">ABC</marc:subfield>
            <marc:subfield code="c">ABC</marc:subfield>
            <marc:subfield code="d">NST</marc:subfield>
            <marc:subfield code="d">NSD</marc:subfield>
            <marc:subfield code="d">DLC</marc:subfield>
            <marc:subfield code="d">NST</marc:subfield>
            <marc:subfield code="d">NSD</marc:subfield>
            <marc:subfield code="d">IUL</marc:subfield>
            <marc:subfield code="d">OCL</marc:subfield>
            <marc:subfield code="d">NST</marc:subfield>
            <marc:subfield code="d">OCL</marc:subfield>
            <marc:subfield code="d">BSS</marc:subfield>
            <marc:subfield code="d">NST</marc:subfield>
            <marc:subfield code="d">IUL</marc:subfield>
            <marc:subfield code="d">MYG</marc:subfield>
            <marc:subfield code="d">DLC</marc:subfield>
            <marc:subfield code="d">HUL</marc:subfield>
            <marc:subfield code="d">OCLCQ</marc:subfield>
            <marc:subfield code="d">DLC</marc:subfield>
            <marc:subfield code="d">NLGGC</marc:subfield>
            <marc:subfield code="d">LVB</marc:subfield>
            <marc:subfield code="d">OCLCQ</marc:subfield>
         </marc:datafield>
         <marc:datafield tag="016" ind1="7" ind2=" ">
            <marc:subfield code="a">B54420000</marc:subfield>
            <marc:subfield code="2">DNLM</marc:subfield>
         </marc:datafield>
         <marc:datafield tag="022" ind1=" " ind2=" ">
            <marc:subfield code="a">0037-8968</marc:subfield>
            <marc:subfield code="l">0037-8968</marc:subfield>
            <marc:subfield code="2">z</marc:subfield>
         </marc:datafield>
         <marc:datafield tag="030" ind1=" " ind2=" ">
            <marc:subfield code="a">BSCFAS</marc:subfield>
         </marc:datafield>
         <marc:datafield tag="035" ind1=" " ind2=" ">
            <marc:subfield code="a">(OCoLC)12067665</marc:subfield>
         </marc:datafield>
         <marc:datafield tag="041" ind1="0" ind2=" ">
            <marc:subfield code="a">freeng</marc:subfield>
         </marc:datafield>
         <marc:datafield tag="042" ind1=" " ind2=" ">
            <marc:subfield code="a">pcc</marc:subfield>
            <marc:subfield code="a">nsdp</marc:subfield>
         </marc:datafield>
         <marc:datafield tag="050" ind1="0" ind2="0">
            <marc:subfield code="a">QD1</marc:subfield>
            <marc:subfield code="b">.S4</marc:subfield>
         </marc:datafield>
         <marc:datafield tag="049" ind1=" " ind2=" ">
            <marc:subfield code="a">PAUU</marc:subfield>
         </marc:datafield>
         <marc:datafield tag="130" ind1="0" ind2=" ">
            <marc:subfield code="a">Bulletin de la Société chimique de France (Paris, France : 1985)</marc:subfield>
         </marc:datafield>
         <marc:datafield tag="210" ind1="0" ind2=" ">
            <marc:subfield code="a">Bull. Soc. chim. Fr.</marc:subfield>
         </marc:datafield>
         <marc:datafield tag="222" ind1=" " ind2="0">
            <marc:subfield code="a">Bulletin de la Société chimique de France</marc:subfield>
         </marc:datafield>
         <marc:datafield tag="245" ind1="0" ind2="0">
            <marc:subfield code="a">Bulletin de la Société chimique de France.</marc:subfield>
         </marc:datafield>
         <marc:datafield tag="260" ind1=" " ind2=" ">
            <marc:subfield code="a">Paris, France :</marc:subfield>
            <marc:subfield code="b">Société française de chimie,</marc:subfield>
            <marc:subfield code="c">1985-c1997.</marc:subfield>
         </marc:datafield>
         <marc:datafield tag="300" ind1=" " ind2=" ">
            <marc:subfield code="a">v. :</marc:subfield>
            <marc:subfield code="b">ill. ;</marc:subfield>
            <marc:subfield code="c">30 cm.</marc:subfield>
         </marc:datafield>
         <marc:datafield tag="310" ind1=" " ind2=" ">
            <marc:subfield code="a">Bimonthly</marc:subfield>
         </marc:datafield>
         <marc:datafield tag="362" ind1="0" ind2=" ">
            <marc:subfield code="a">Janv./févr. 1985-134, 10 &amp; 11 (Nov.-Dec. 1997).</marc:subfield>
         </marc:datafield>
         <marc:datafield tag="500" ind1=" " ind2=" ">
            <marc:subfield code="a">Title from cover.</marc:subfield>
         </marc:datafield>
         <marc:datafield tag="500" ind1=" " ind2=" ">
            <marc:subfield code="a">Publishers: Elsevier : Socíeté française de chimie, -Nov./Dec. 1997.</marc:subfield>
         </marc:datafield>
         <marc:datafield tag="515" ind1=" " ind2=" ">
            <marc:subfield code="a">Issues for 1992-1997 called: v. 129-v.134 in continuation of: Bulletin de la Société chimique de Paris, which began in 1863.</marc:subfield>
         </marc:datafield>
         <marc:datafield tag="546" ind1=" " ind2=" ">
            <marc:subfield code="a">Text in French with summaries in English, 1985- ; text in French and English, -Nov./Dec. 1997.</marc:subfield>
         </marc:datafield>
         <marc:datafield tag="550" ind1=" " ind2=" ">
            <marc:subfield code="a">"Publié sous l'égide de la Société française de chimie."</marc:subfield>
         </marc:datafield>
         <marc:datafield tag="580" ind1=" " ind2=" ">
            <marc:subfield code="a">Formed by the union of: Bulletin de la Société chimique de France. Ptie 1: Physicochimie des systèmes liquides, electrochimie, catalyse, génie chimique, and: Bulletin de la Société chimique de France. Partie 2: Chimie moléculaire, organique et biologique.</marc:subfield>
         </marc:datafield>
         <marc:datafield tag="580" ind1=" " ind2=" ">
            <marc:subfield code="a">Merged with the inorganic parts of: Bulletin des sociétés chimiques belges; Chemische Berichte/Recueil; and: Gazzetta chimica Italiana, to form: European journal of inorganic chemistry.</marc:subfield>
         </marc:datafield>
         <marc:datafield tag="580" ind1=" " ind2=" ">
            <marc:subfield code="a">Merged with Liebigs Annalen/Recueil, and with the organic parts of: Bulletin des sociétés chimiques belges; Chemische Berichte/Recueil; and: Gazzetta chimica Italiana; to form: European journal of organic chemistry.</marc:subfield>
         </marc:datafield>
         <marc:datafield tag="650" ind1=" " ind2="0">
            <marc:subfield code="a">Chemistry, Analytic</marc:subfield>
            <marc:subfield code="v">Periodicals.</marc:subfield>
         </marc:datafield>
         <marc:datafield tag="650" ind1=" " ind2="0">
            <marc:subfield code="a">Chemistry, Organic</marc:subfield>
            <marc:subfield code="v">Periodicals.</marc:subfield>
         </marc:datafield>
         <marc:datafield tag="650" ind1=" " ind2="0">
            <marc:subfield code="a">Chemistry, Physical and theoretical</marc:subfield>
            <marc:subfield code="v">Periodicals.</marc:subfield>
         </marc:datafield>
         <marc:datafield tag="650" ind1=" " ind2="0">
            <marc:subfield code="a">Chemical engineering</marc:subfield>
            <marc:subfield code="v">Periodicals.</marc:subfield>
         </marc:datafield>
         <marc:datafield tag="650" ind1=" " ind2="0">
            <marc:subfield code="a">Biochemistry</marc:subfield>
            <marc:subfield code="v">Periodicals.</marc:subfield>
         </marc:datafield>
         <marc:datafield tag="650" ind1=" " ind2="0">
            <marc:subfield code="a">Catalysis</marc:subfield>
            <marc:subfield code="v">Periodicals.</marc:subfield>
         </marc:datafield>
         <marc:datafield tag="650" ind1=" " ind2="0">
            <marc:subfield code="a">Electrochemistry</marc:subfield>
            <marc:subfield code="v">Periodicals.</marc:subfield>
         </marc:datafield>
         <marc:datafield tag="650" ind1="1" ind2="7">
            <marc:subfield code="a">Chemie.</marc:subfield>
            <marc:subfield code="2">gtt</marc:subfield>
         </marc:datafield>
         <marc:datafield tag="650" ind1=" " ind2="6">
            <marc:subfield code="a">Chimie analytique</marc:subfield>
            <marc:subfield code="v">Périodiques.</marc:subfield>
         </marc:datafield>
         <marc:datafield tag="650" ind1=" " ind2="6">
            <marc:subfield code="a">Chimie organique</marc:subfield>
            <marc:subfield code="v">Périodiques.</marc:subfield>
         </marc:datafield>
         <marc:datafield tag="650" ind1=" " ind2="6">
            <marc:subfield code="a">Chimie physique et théorique</marc:subfield>
            <marc:subfield code="v">Périodiques.</marc:subfield>
         </marc:datafield>
         <marc:datafield tag="650" ind1=" " ind2="6">
            <marc:subfield code="a">Génie chimique</marc:subfield>
            <marc:subfield code="v">Périodiques.</marc:subfield>
         </marc:datafield>
         <marc:datafield tag="650" ind1=" " ind2="6">
            <marc:subfield code="a">Catalyse</marc:subfield>
            <marc:subfield code="v">Périodiques.</marc:subfield>
         </marc:datafield>
         <marc:datafield tag="650" ind1=" " ind2="6">
            <marc:subfield code="a">Électrochimie</marc:subfield>
            <marc:subfield code="v">Périodiques.</marc:subfield>
         </marc:datafield>
         <marc:datafield tag="650" ind1=" " ind2="6">
            <marc:subfield code="a">Biochimie</marc:subfield>
            <marc:subfield code="v">Périodiques.</marc:subfield>
         </marc:datafield>
         <marc:datafield tag="710" ind1="2" ind2=" ">
            <marc:subfield code="a">Société chimique de France.</marc:subfield>
         </marc:datafield>
         <marc:datafield tag="710" ind1="2" ind2=" ">
            <marc:subfield code="a">Société française de chimie.</marc:subfield>
         </marc:datafield>
         <marc:datafield tag="780" ind1="1" ind2="4">
            <marc:subfield code="t">Bulletin de la Société chimique de France. Ptie 1, Physicochimie des systèmes liquides, electrochimie, catalyse, génie chimique</marc:subfield>
            <marc:subfield code="x">0037-8968</marc:subfield>
            <marc:subfield code="w">(DLC)sn 86015887</marc:subfield>
            <marc:subfield code="w">(OCoLC)10730010</marc:subfield>
         </marc:datafield>
         <marc:datafield tag="780" ind1="1" ind2="4">
            <marc:subfield code="t">Bulletin de la Société chimique de France. Partie 2, Chimie moléculaire, organique et biologique</marc:subfield>
            <marc:subfield code="x">0037-8968</marc:subfield>
            <marc:subfield code="w">(DLC)sn 84011431</marc:subfield>
            <marc:subfield code="w">(OCoLC)7079108</marc:subfield>
         </marc:datafield>
         <marc:datafield tag="785" ind1="1" ind2="7">
            <marc:subfield code="t">Bulletin des sociétés chimiques belges</marc:subfield>
            <marc:subfield code="x">0037-9646</marc:subfield>
            <marc:subfield code="w">(DLC)   52025365</marc:subfield>
            <marc:subfield code="w">(OCoLC)6112872</marc:subfield>
         </marc:datafield>
         <marc:datafield tag="785" ind1="1" ind2="7">
            <marc:subfield code="t">Chemische Berichte/Recueil</marc:subfield>
            <marc:subfield code="w">(DLC)sn 97047233</marc:subfield>
            <marc:subfield code="w">(OCoLC)36290071</marc:subfield>
         </marc:datafield>
         <marc:datafield tag="785" ind1="1" ind2="7">
            <marc:subfield code="t">Gazzetta chimica Italiana</marc:subfield>
            <marc:subfield code="x">0016-5603</marc:subfield>
            <marc:subfield code="w">(DLC)   21006544</marc:subfield>
            <marc:subfield code="w">(OCoLC)1780898</marc:subfield>
         </marc:datafield>
         <marc:datafield tag="785" ind1="1" ind2="7">
            <marc:subfield code="t">Liebigs Annalen/Recueil</marc:subfield>
            <marc:subfield code="w">(DLC)sn 97036183</marc:subfield>
            <marc:subfield code="w">(OCoLC)36290117</marc:subfield>
         </marc:datafield>
         <marc:datafield tag="785" ind1="1" ind2="7">
            <marc:subfield code="t">European journal of inorganic chemistry</marc:subfield>
            <marc:subfield code="x">1434-1948</marc:subfield>
            <marc:subfield code="w">(DLC)   98660732</marc:subfield>
            <marc:subfield code="w">(OCoLC)38192665</marc:subfield>
         </marc:datafield>
         <marc:datafield tag="785" ind1="1" ind2="7">
            <marc:subfield code="t">European journal of organic chemistry</marc:subfield>
            <marc:subfield code="x">1434-193X</marc:subfield>
            <marc:subfield code="w">(DLC)   98660733</marc:subfield>
            <marc:subfield code="w">(OCoLC)38235760</marc:subfield>
         </marc:datafield>
         <marc:datafield tag="776" ind1="0" ind2="8">
            <marc:subfield code="i">Online version:</marc:subfield>
            <marc:subfield code="t">Bulletin de la Société chimique de France (Paris, France : 1985)</marc:subfield>
            <marc:subfield code="w">(OCoLC)630991692</marc:subfield>
         </marc:datafield>
         <marc:datafield tag="850" ind1=" " ind2=" ">
            <marc:subfield code="a">AU</marc:subfield>
            <marc:subfield code="a">CU</marc:subfield>
            <marc:subfield code="a">CU-I</marc:subfield>
            <marc:subfield code="a">CaNBFU</marc:subfield>
            <marc:subfield code="a">CaNSHD</marc:subfield>
            <marc:subfield code="a">CaOWA</marc:subfield>
            <marc:subfield code="a">CaSSU</marc:subfield>
            <marc:subfield code="a">CtY-M</marc:subfield>
            <marc:subfield code="a">DeU</marc:subfield>
            <marc:subfield code="a">DLC</marc:subfield>
            <marc:subfield code="a">ICarbS</marc:subfield>
            <marc:subfield code="a">InLP</marc:subfield>
            <marc:subfield code="a">InU</marc:subfield>
            <marc:subfield code="a">MChB</marc:subfield>
            <marc:subfield code="a">MiU</marc:subfield>
            <marc:subfield code="a">MsU</marc:subfield>
            <marc:subfield code="a">NcD</marc:subfield>
            <marc:subfield code="a">NCH</marc:subfield>
            <marc:subfield code="a">NcRS</marc:subfield>
            <marc:subfield code="a">NcWsW</marc:subfield>
            <marc:subfield code="a">NhU</marc:subfield>
            <marc:subfield code="a">NjR</marc:subfield>
            <marc:subfield code="a">PBL</marc:subfield>
            <marc:subfield code="a">PU</marc:subfield>
            <marc:subfield code="a">RPB-S</marc:subfield>
            <marc:subfield code="a">TU</marc:subfield>
            <marc:subfield code="a">TxDaM</marc:subfield>
            <marc:subfield code="a">UU</marc:subfield>
            <marc:subfield code="a">ViBlbV</marc:subfield>
            <marc:subfield code="a">ViU</marc:subfield>
            <marc:subfield code="a">ViW</marc:subfield>
            <marc:subfield code="a">WaU</marc:subfield>
         </marc:datafield>
         <marc:datafield tag="994" ind1=" " ind2=" ">
            <marc:subfield code="a">C0</marc:subfield>
            <marc:subfield code="b">PAU</marc:subfield>
         </marc:datafield>
      </marc:record>