
   </integ:BIB_ID>
   <integ:BIB_ID id="221318" self="true">
      <marc:record xmlns:marc="http://www.loc.gov/MARC21/slim">
         <marc:leader>01695cam a2200445 i 4500</marc:leader>
         <marc:controlfield tag="001">221318</marc:controlfield>
         <marc:controlfield tag="003">PU</marc:controlfield>
         <marc:controlfield tag="008">740927s1975    paua     b    00110 eng  </marc:controlfield>
         <marc:datafield tag="010" ind1=" " ind2=" ">
            <marc:subfield code="a">   78081821 </marc:subfield>
         </marc:datafield>
         <marc:datafield tag="020" ind1=" " ind2=" ">
            <marc:subfield code="a">0721641024 (v. 1)</marc:subfield>
         </marc:datafield>
         <marc:datafield tag="035" ind1=" " ind2=" ">
            <marc:subfield code="a">(CStRLIN)PAUG1057726-B</marc:subfield>
         </marc:datafield>
         <marc:datafield tag="035" ind1=" " ind2=" ">
            <marc:subfield code="a">(CaOTULAS)185104742</marc:subfield>
         </marc:datafield>
         <marc:datafield tag="035" ind1=" " ind2=" ">
            <marc:subfield code="9">ABE8533</marc:subfield>
         </marc:datafield>
         <marc:datafield tag="040" ind1=" " ind2=" ">
            <marc:subfield code="a">DLC</marc:subfield>
            <marc:subfield code="c">DLC</marc:subfield>
            <marc:subfield code="d">PU</marc:subfield>
         </marc:datafield>
         <marc:datafield tag="050" ind1=" " ind2="4">
            <marc:subfield code="a">SF761</marc:subfield>
            <marc:subfield code="b">.S65 1975</marc:subfield>
         </marc:datafield>
         <marc:datafield tag="060" ind1=" " ind2=" ">
            <marc:subfield code="a">SF761 S623a</marc:subfield>
         </marc:datafield>
         <marc:datafield tag="082" ind1=" " ind2=" ">
            <marc:subfield code="a">636.089/1</marc:subfield>
         </marc:datafield>
         <marc:datafield tag="090" ind1=" " ind2=" ">
            <marc:subfield code="a">SF761</marc:subfield>
            <marc:subfield code="b">.S65 1975</marc:subfield>
            <marc:subfield code="i">10/27/87 CT</marc:subfield>
            <marc:subfield code="h">09/05/85 CT</marc:subfield>
         </marc:datafield>
         <marc:datafield tag="100" ind1="1" ind2="0">
            <marc:subfield code="a">Sisson, Septimus,</marc:subfield>
            <marc:subfield code="d">1865-1924.</marc:subfield>
         </marc:datafield>
         <marc:datafield tag="245" ind1="1" ind2="0">
            <marc:subfield code="a">Sisson and Grossman's The anatomy of the domestic animals.</marc:subfield>
         </marc:datafield>
         <marc:datafield tag="250" ind1=" " ind2=" ">
            <marc:subfield code="a">5th ed. /</marc:subfield>
            <marc:subfield code="b">Robert Getty, with editorial coordination and completion by Cynthia Ellenport Rosenbaum, N. G. Ghoshal, Daniel Hillman.</marc:subfield>
         </marc:datafield>
         <marc:datafield tag="260" ind1="0" ind2=" ">
            <marc:subfield code="a">Philadelphia :</marc:subfield>
            <marc:subfield code="b">Saunders,</marc:subfield>
            <marc:subfield code="c">1975.</marc:subfield>
         </marc:datafield>
         <marc:datafield tag="300" ind1=" " ind2=" ">
            <marc:subfield code="a">2 v. (xxxv, 2095, xlvi p.) :</marc:subfield>
            <marc:subfield code="b">ill. ;</marc:subfield>
            <marc:subfield code="c">27 cm.</marc:subfield>
         </marc:datafield>
         <marc:datafield tag="504" ind1=" " ind2=" ">
            <marc:subfield code="a">Includes bibliographies and indexes.</marc:subfield>
         </marc:datafield>
         <marc:datafield tag="650" ind1=" " ind2="0">
            <marc:subfield code="a">Veterinary anatomy</marc:subfield>
         </marc:datafield>
         <marc:datafield tag="650" ind1=" " ind2="2">
            <marc:subfield code="a">Anatomy, Veterinary.</marc:subfield>
         </marc:datafield>
         <marc:datafield tag="700" ind1="1" ind2="0">
            <marc:subfield code="a">Grossman, James Daniels,</marc:subfield>
            <marc:subfield code="d">1884-1961.</marc:subfield>
         </marc:datafield>
         <marc:datafield tag="700" ind1="1" ind2="0">
            <marc:subfield code="a">Getty, Robert.</marc:subfield>
         </marc:datafield>
         <marc:datafield tag="740" ind1="4" ind2="1">
            <marc:subfield code="a">The anatomy of the domestic animals.</marc:subfield>
         </marc:datafield>
         <marc:datafield tag="950" ind1=" " ind2=" ">
            <marc:subfield code="l">NBC</marc:subfield>
            <marc:subfield code="e">100\\OTHER\COPIES\Vet.\</marc:subfield>
            <marc:subfield code="v">2 v.</marc:subfield>
            <marc:subfield code="i">10/27/87 N</marc:subfield>
            <marc:subfield code="h">09/05/85 N ?102:rsl</marc:subfield>
            <marc:subfield code="h">01/01/01 N</marc:subfield>
         </marc:datafield>
         <marc:datafield tag="950" ind1=" " ind2=" ">
            <marc:subfield code="l">VET</marc:subfield>
            <marc:subfield code="i">10/27/87 C</marc:subfield>
            <marc:subfield code="h">09/05/85 C</marc:subfield>
            <marc:subfield code="h">01/01/01 N</marc:subfield>
         </marc:datafield>
         <marc:datafield tag="955" ind1=" " ind2=" ">
            <marc:subfield code="l">NBC</marc:subfield>
            <marc:subfield code="c">1:v.1</marc:subfield>
            <marc:subfield code="q">g Vet Lib</marc:subfield>
            <marc:subfield code="h">09/05/85 C</marc:subfield>
         </marc:datafield>
         <marc:datafield tag="955" ind1=" " ind2=" ">
            <marc:subfield code="l">NBC</marc:subfield>
            <marc:subfield code="c">1:v.2</marc:subfield>
            <marc:subfield code="q">g.Vet Lib</marc:subfield>
            <marc:subfield code="h">09/05/85 C</marc:subfield>
         </marc:datafield>
         <marc:datafield tag="955" ind1=" " ind2=" ">
            <marc:subfield code="l">VET</marc:subfield>
            <marc:subfield code="c">1:(v.1-2)</marc:subfield>
            <marc:subfield code="q">g.Vet.</marc:subfield>
            <marc:subfield code="h">09/05/85 C</marc:subfield>
         </marc:datafield>
         <marc:datafield tag="955" ind1=" " ind2=" ">
            <marc:subfield code="l">VET</marc:subfield>
            <marc:subfield code="c">2:(v.1-2)</marc:subfield>
            <marc:subfield code="q">g.Vet.</marc:subfield>
            <marc:subfield code="h">09/05/85 C</marc:subfield>
         </marc:datafield>
         <marc:datafield tag="955" ind1=" " ind2=" ">
            <marc:subfield code="l">VET</marc:subfield>
            <marc:subfield code="c">2:v.4</marc:subfield>
            <marc:subfield code="q">Dolbey's</marc:subfield>
            <marc:subfield code="i">10/27/87 C</marc:subfield>
         </marc:datafield>
         <marc:datafield tag="955" ind1=" " ind2=" ">
            <marc:subfield code="l">VET</marc:subfield>
            <marc:subfield code="c">3:(v.1-2)</marc:subfield>
            <marc:subfield code="q">g.Dr.D.Lee</marc:subfield>
            <marc:subfield code="h">09/05/85 C</marc:subfield>
         </marc:datafield>
         <marc:datafield tag="955" ind1=" " ind2=" ">
            <marc:subfield code="l">VET</marc:subfield>
            <marc:subfield code="c">4:v.1</marc:subfield>
            <marc:subfield code="q">g.Dolbey</marc:subfield>
            <marc:subfield code="h">09/05/85 C</marc:subfield>
         </marc:datafield>
         <marc:datafield tag="955" ind1=" " ind2=" ">
            <marc:subfield code="l">VET</marc:subfield>
            <marc:subfield code="c">5:v.1</marc:subfield>
            <marc:subfield code="q">g.Dolbey</marc:subfield>
            <marc:subfield code="h">09/05/85 C</marc:subfield>
         </marc:datafield>
         <marc:datafield tag="955" ind1=" " ind2=" ">
            <marc:subfield code="l">VET</marc:subfield>
            <marc:subfield code="c">6:v.1</marc:subfield>
            <marc:subfield code="q">Dolbey's</marc:subfield>
            <marc:subfield code="h">09/05/85 C</marc:subfield>
         </marc:datafield>
      </marc:record>