
   </integ:BIB_ID>
   <integ:BIB_ID id="602828" self="true">
      <marc:record xmlns:marc="http://www.loc.gov/MARC21/slim">
         <marc:leader>02464cas a2200505   4500</marc:leader>
         <marc:controlfield tag="001">602828</marc:controlfield>
         <marc:controlfield tag="005">20000816132310.0</marc:controlfield>
         <marc:controlfield tag="008">880906d19451997be mr p       0 uub0eng d</marc:controlfield>
         <marc:datafield tag="010" ind1=" " ind2=" ">
            <marc:subfield code="a">52025365//r822</marc:subfield>
         </marc:datafield>
         <marc:datafield tag="022" ind1=" " ind2=" ">
            <marc:subfield code="a">0037-9646</marc:subfield>
         </marc:datafield>
         <marc:datafield tag="035" ind1=" " ind2=" ">
            <marc:subfield code="a">(CStRLIN)PAUG88-S1937</marc:subfield>
         </marc:datafield>
         <marc:datafield tag="035" ind1=" " ind2=" ">
            <marc:subfield code="a">(CaOTULAS)159504292</marc:subfield>
         </marc:datafield>
         <marc:datafield tag="035" ind1=" " ind2=" ">
            <marc:subfield code="9">ACZ4981</marc:subfield>
         </marc:datafield>
         <marc:datafield tag="040" ind1=" " ind2=" ">
            <marc:subfield code="a">PPiU</marc:subfield>
            <marc:subfield code="c">PPiU</marc:subfield>
            <marc:subfield code="d">N</marc:subfield>
            <marc:subfield code="d">InU</marc:subfield>
            <marc:subfield code="d">DLC</marc:subfield>
            <marc:subfield code="d">NST</marc:subfield>
            <marc:subfield code="d">SER</marc:subfield>
            <marc:subfield code="d">RCS</marc:subfield>
            <marc:subfield code="d">AIP</marc:subfield>
            <marc:subfield code="d">OCoLC</marc:subfield>
            <marc:subfield code="d">NST</marc:subfield>
            <marc:subfield code="d">PU</marc:subfield>
         </marc:datafield>
         <marc:datafield tag="041" ind1="0" ind2=" ">
            <marc:subfield code="a">dutengfreger</marc:subfield>
         </marc:datafield>
         <marc:datafield tag="042" ind1=" " ind2=" ">
            <marc:subfield code="a">lc</marc:subfield>
         </marc:datafield>
         <marc:datafield tag="043" ind1=" " ind2=" ">
            <marc:subfield code="a">e-be---</marc:subfield>
         </marc:datafield>
         <marc:datafield tag="050" ind1="0" ind2=" ">
            <marc:subfield code="a">QD1</marc:subfield>
            <marc:subfield code="b">.S35</marc:subfield>
         </marc:datafield>
         <marc:datafield tag="090" ind1=" " ind2=" ">
            <marc:subfield code="a">QD1</marc:subfield>
            <marc:subfield code="b">.S35</marc:subfield>
            <marc:subfield code="n">#39</marc:subfield>
            <marc:subfield code="n">#343</marc:subfield>
            <marc:subfield code="p">1</marc:subfield>
            <marc:subfield code="i">09/06/88 CT</marc:subfield>
         </marc:datafield>
         <marc:datafield tag="210" ind1="0" ind2=" ">
            <marc:subfield code="a">Bull. soc. chim. belg.</marc:subfield>
         </marc:datafield>
         <marc:datafield tag="222" ind1="0" ind2="0">
            <marc:subfield code="a">Bulletin des sociétés chimiques belges</marc:subfield>
         </marc:datafield>
         <marc:datafield tag="245" ind1="0" ind2="0">
            <marc:subfield code="a">Bulletin des sociétés chimiques belges.</marc:subfield>
         </marc:datafield>
         <marc:datafield tag="260" ind1="0" ind2="0">
            <marc:subfield code="a">Bruxelles :</marc:subfield>
            <marc:subfield code="b">[s.n.]</marc:subfield>
         </marc:datafield>
         <marc:datafield tag="300" ind1=" " ind2=" ">
            <marc:subfield code="a">v. :</marc:subfield>
            <marc:subfield code="b">ill. ;</marc:subfield>
            <marc:subfield code="c">25 cm.</marc:subfield>
         </marc:datafield>
         <marc:datafield tag="310" ind1=" " ind2=" ">
            <marc:subfield code="a">Monthly</marc:subfield>
         </marc:datafield>
         <marc:datafield tag="362" ind1="0" ind2=" ">
            <marc:subfield code="a">Vol. 54 (1945)-</marc:subfield>
         </marc:datafield>
         <marc:datafield tag="362" ind1="1" ind2=" ">
            <marc:subfield code="a">Ceased with v. 106 (1997)?</marc:subfield>
         </marc:datafield>
         <marc:datafield tag="550" ind1="0" ind2=" ">
            <marc:subfield code="a">Issued by the Société chimique de Belgique and the Vlaamse Chemische Vereniging.</marc:subfield>
         </marc:datafield>
         <marc:datafield tag="550" ind1="1" ind2=" ">
            <marc:subfield code="a">"Publié avec le concours de la Fondation universitaire de Belgique et du Ministère de l'éducation nationale et de la culture."</marc:subfield>
         </marc:datafield>
         <marc:datafield tag="580" ind1=" " ind2=" ">
            <marc:subfield code="a">Merged with: Liebings Annalen/Recueil; Chemische Berichte/Recueil; Bulletin de la Société chimique de France (Paris, France : 1985); and: Gazzetta chimica italiana; to form: European journal of organic chemistry, for organic chemistry topics; and: European journal of inorganic chemistry, for inorganic chemistry topics.</marc:subfield>
         </marc:datafield>
         <marc:datafield tag="650" ind1=" " ind2="0">
            <marc:subfield code="a">Chemistry</marc:subfield>
            <marc:subfield code="x">Periodicals.</marc:subfield>
         </marc:datafield>
         <marc:datafield tag="710" ind1="2" ind2="1">
            <marc:subfield code="a">Fondation universitaire de Belgique.</marc:subfield>
         </marc:datafield>
         <marc:datafield tag="710" ind1="1" ind2="1">
            <marc:subfield code="a">Belgium.</marc:subfield>
            <marc:subfield code="b">Ministère de l'éducation nationale et de la culture.</marc:subfield>
         </marc:datafield>
         <marc:datafield tag="710" ind1="2" ind2="0">
            <marc:subfield code="a">Vlaamse Chemische Vereniging.</marc:subfield>
         </marc:datafield>
         <marc:datafield tag="710" ind1="2" ind2="0">
            <marc:subfield code="a">Société chimique de Belgique.</marc:subfield>
         </marc:datafield>
         <marc:datafield tag="780" ind1="0" ind2="0">
            <marc:subfield code="t">Bulletin de la Société chimique de Belgique</marc:subfield>
            <marc:subfield code="w">(OCoLC)2445565</marc:subfield>
            <marc:subfield code="w">(DLC)sf 82003116</marc:subfield>
         </marc:datafield>
         <marc:datafield tag="785" ind1="1" ind2="7">
            <marc:subfield code="t">Bulletin de la Société chimique de France (Paris, France : 1985)</marc:subfield>
            <marc:subfield code="x">0037-8968</marc:subfield>
         </marc:datafield>
         <marc:datafield tag="785" ind1="1" ind2="7">
            <marc:subfield code="t">Chemische Berichte/Recueil</marc:subfield>
         </marc:datafield>
         <marc:datafield tag="785" ind1="1" ind2="7">
            <marc:subfield code="t">Gazzetta chimica Italiana</marc:subfield>
            <marc:subfield code="x">0016-5603</marc:subfield>
         </marc:datafield>
         <marc:datafield tag="785" ind1="1" ind2="7">
            <marc:subfield code="t">Liebigs Annalen/Recueil</marc:subfield>
         </marc:datafield>
         <marc:datafield tag="785" ind1="1" ind2="7">
            <marc:subfield code="t">European journal of inorganic chemistry</marc:subfield>
            <marc:subfield code="x">1434-1948</marc:subfield>
         </marc:datafield>
         <marc:datafield tag="785" ind1="1" ind2="7">
            <marc:subfield code="t">European journal of organic chemistry</marc:subfield>
            <marc:subfield code="x">1434-193X</marc:subfield>
         </marc:datafield>
         <marc:datafield tag="950" ind1=" " ind2=" ">
            <marc:subfield code="l">CHEM</marc:subfield>
            <marc:subfield code="v">v.65(1945)-v.60(1951), v.62(1953)-v.73(1964), v.75(1966)-v.85(1976 inc.), v.86(1977)-v.91(1982 inc.), v.92(1983)-v.95,no.7(July1986)</marc:subfield>
            <marc:subfield code="z">Not currently received</marc:subfield>
            <marc:subfield code="i">09/06/88 C ?110:\CA-Ser.\</marc:subfield>
         </marc:datafield>
         <marc:datafield tag="955" ind1=" " ind2=" ">
            <marc:subfield code="l">CHEM</marc:subfield>
            <marc:subfield code="q">pur.FIL</marc:subfield>
            <marc:subfield code="s">SHELFLIST ON PENNLIN</marc:subfield>
            <marc:subfield code="i">09/06/88 C</marc:subfield>
         </marc:datafield>
         <marc:datafield tag="999" ind1=" " ind2=" ">
            <marc:subfield code="a">f</marc:subfield>
            <marc:subfield code="b">2000/08/16</marc:subfield>
         </marc:datafield>
      </marc:record>