
   </integ:BIB_ID>
   <integ:BIB_ID id="1041094" self="true">
      <marc:record xmlns:marc="http://www.loc.gov/MARC21/slim">
         <marc:leader>00926cam a22002651  4500</marc:leader>
         <marc:controlfield tag="001">1041094</marc:controlfield>
         <marc:controlfield tag="005">20100106121726.0</marc:controlfield>
         <marc:controlfield tag="008">860609s1963    mnua     b    00010 eng  </marc:controlfield>
         <marc:datafield tag="010" ind1=" " ind2=" ">
            <marc:subfield code="a">   63002057 </marc:subfield>
         </marc:datafield>
         <marc:datafield tag="035" ind1=" " ind2=" ">
            <marc:subfield code="a">MIUG86-B61682</marc:subfield>
         </marc:datafield>
         <marc:datafield tag="035" ind1=" " ind2=" ">
            <marc:subfield code="a">(CLSI)001285126</marc:subfield>
         </marc:datafield>
         <marc:datafield tag="035" ind1=" " ind2=" ">
            <marc:subfield code="9">AHE0922</marc:subfield>
         </marc:datafield>
         <marc:datafield tag="035" ind1=" " ind2=" ">
            <marc:subfield code="a">MRC00507795</marc:subfield>
         </marc:datafield>
         <marc:datafield tag="040" ind1=" " ind2=" ">
            <marc:subfield code="c">MiU</marc:subfield>
         </marc:datafield>
         <marc:datafield tag="082" ind1=" " ind2=" ">
            <marc:subfield code="a">136.7354</marc:subfield>
         </marc:datafield>
         <marc:datafield tag="100" ind1="1" ind2=" ">
            <marc:subfield code="a">Hathaway, Starke R.</marc:subfield>
            <marc:subfield code="q">(Starke Rosecrans),</marc:subfield>
            <marc:subfield code="d">1903-1984</marc:subfield>
         </marc:datafield>
         <marc:datafield tag="245" ind1="1" ind2="0">
            <marc:subfield code="a">Adolescent personality and behavior;</marc:subfield>
            <marc:subfield code="b">MMPI patterns of normal, delinquent, dropout, and other outcomes,</marc:subfield>
            <marc:subfield code="c">by Starke R. Hathaway and Elio D. Monachesi.</marc:subfield>
         </marc:datafield>
         <marc:datafield tag="260" ind1=" " ind2=" ">
            <marc:subfield code="a">Minneapolis,</marc:subfield>
            <marc:subfield code="b">University of Minnesota Press</marc:subfield>
            <marc:subfield code="c">[1963]</marc:subfield>
         </marc:datafield>
         <marc:datafield tag="300" ind1=" " ind2=" ">
            <marc:subfield code="a">xiii, 193 p.</marc:subfield>
            <marc:subfield code="b">tables,</marc:subfield>
            <marc:subfield code="c">27 cm.</marc:subfield>
         </marc:datafield>
         <marc:datafield tag="504" ind1=" " ind2=" ">
            <marc:subfield code="a">Bibliography: p. [187]-188.</marc:subfield>
         </marc:datafield>
         <marc:datafield tag="650" ind1=" " ind2="0">
            <marc:subfield code="a">Adolescence.</marc:subfield>
         </marc:datafield>
         <marc:datafield tag="650" ind1=" " ind2="0">
            <marc:subfield code="a">Minnesota multiphasic personality inventory.</marc:subfield>
         </marc:datafield>
         <marc:datafield tag="700" ind1="1" ind2=" ">
            <marc:subfield code="a">Monachesi, Elio David,</marc:subfield>
            <marc:subfield code="d">1905-</marc:subfield>
            <marc:subfield code="e">joint author.</marc:subfield>
         </marc:datafield>
         <marc:datafield tag="852" ind1="1" ind2=" ">
            <marc:subfield code="b">vanp</marc:subfield>
            <marc:subfield code="h">136.7354 H2841</marc:subfield>
         </marc:datafield>
         <marc:datafield tag="999" ind1=" " ind2=" ">
            <marc:subfield code="a">f</marc:subfield>
            <marc:subfield code="b">1999/10/12</marc:subfield>
         </marc:datafield>
      </marc:record>