
   </integ:BIB_ID>
   <integ:BIB_ID id="1043702" self="true">
      <marc:record xmlns:marc="http://www.loc.gov/MARC21/slim">
         <marc:leader>01123cam a22002891  4500</marc:leader>
         <marc:controlfield tag="001">1043702</marc:controlfield>
         <marc:controlfield tag="008">920129s1924    nyu           001 0 eng d</marc:controlfield>
         <marc:datafield tag="010" ind1=" " ind2=" ">
            <marc:subfield code="a">   24019986 </marc:subfield>
         </marc:datafield>
         <marc:datafield tag="035" ind1=" " ind2=" ">
            <marc:subfield code="a">CKPG92-B1481</marc:subfield>
         </marc:datafield>
         <marc:datafield tag="035" ind1=" " ind2=" ">
            <marc:subfield code="a">(CLSI)005494443</marc:subfield>
         </marc:datafield>
         <marc:datafield tag="035" ind1=" " ind2=" ">
            <marc:subfield code="9">AHE3582</marc:subfield>
         </marc:datafield>
         <marc:datafield tag="035" ind1=" " ind2=" ">
            <marc:subfield code="a">MRC00529274</marc:subfield>
         </marc:datafield>
         <marc:datafield tag="040" ind1=" " ind2=" ">
            <marc:subfield code="a">PSt</marc:subfield>
            <marc:subfield code="c">PSt</marc:subfield>
            <marc:subfield code="d">COPL</marc:subfield>
         </marc:datafield>
         <marc:datafield tag="090" ind1=" " ind2=" ">
            <marc:subfield code="a">176</marc:subfield>
            <marc:subfield code="b">DAVENPORT</marc:subfield>
         </marc:datafield>
         <marc:datafield tag="100" ind1="1" ind2=" ">
            <marc:subfield code="a">Davenport, Frances Isabel,</marc:subfield>
            <marc:subfield code="d">1880-</marc:subfield>
         </marc:datafield>
         <marc:datafield tag="245" ind1="1" ind2="0">
            <marc:subfield code="a">Salvaging of American girlhood :</marc:subfield>
            <marc:subfield code="b">a substitution of normal psychology for superstition and mysticism in the education of girls /</marc:subfield>
            <marc:subfield code="c">by Isabel Davenport ...</marc:subfield>
         </marc:datafield>
         <marc:datafield tag="260" ind1=" " ind2=" ">
            <marc:subfield code="a">New York :</marc:subfield>
            <marc:subfield code="b">E. P. Dutton &amp; company,</marc:subfield>
            <marc:subfield code="c">[c1924].</marc:subfield>
         </marc:datafield>
         <marc:datafield tag="300" ind1=" " ind2=" ">
            <marc:subfield code="a">ixp.,1 l.,302p. ;</marc:subfield>
            <marc:subfield code="c">19 1/2cm.</marc:subfield>
         </marc:datafield>
         <marc:datafield tag="500" ind1=" " ind2=" ">
            <marc:subfield code="a">Includes index.</marc:subfield>
         </marc:datafield>
         <marc:datafield tag="503" ind1=" " ind2=" ">
            <marc:subfield code="a">"The contents of this book are based upon an investigation made by the author under the auspices of the Department of psychology of Columbia university, and published in monograph form under the title Adolescent interests."--Pref.</marc:subfield>
         </marc:datafield>
         <marc:datafield tag="650" ind1=" " ind2="0">
            <marc:subfield code="a">Adolescence.</marc:subfield>
         </marc:datafield>
         <marc:datafield tag="650" ind1=" " ind2="0">
            <marc:subfield code="a">Sex.</marc:subfield>
         </marc:datafield>
         <marc:datafield tag="650" ind1=" " ind2="0">
            <marc:subfield code="a">Young women.</marc:subfield>
         </marc:datafield>
         <marc:datafield tag="852" ind1="1" ind2=" ">
            <marc:subfield code="b">vanp</marc:subfield>
            <marc:subfield code="h">179.4 D273</marc:subfield>
         </marc:datafield>
         <marc:datafield tag="987" ind1=" " ind2=" ">
            <marc:subfield code="a">MULTIPLE COPIES</marc:subfield>
         </marc:datafield>
         <marc:datafield tag="987" ind1=" " ind2=" ">
            <marc:subfield code="a">match points : missing?</marc:subfield>
         </marc:datafield>
         <marc:datafield tag="999" ind1=" " ind2=" ">
            <marc:subfield code="a">f</marc:subfield>
            <marc:subfield code="b">1999/10/12</marc:subfield>
         </marc:datafield>
      </marc:record>