
   </integ:BIB_ID>
   <integ:BIB_ID id="1867903" self="true">
      <marc:record xmlns:marc="http://www.loc.gov/MARC21/slim">
         <marc:leader>02368cas a2200601 a 4500</marc:leader>
         <marc:controlfield tag="001">1867903</marc:controlfield>
         <marc:controlfield tag="005">20090910075525.0</marc:controlfield>
         <marc:controlfield tag="008">950125d19951996gw mr p       0    0eng d</marc:controlfield>
         <marc:datafield tag="010" ind1=" " ind2=" ">
            <marc:subfield code="a">   95652030 </marc:subfield>
            <marc:subfield code="z">sn 95039481 </marc:subfield>
         </marc:datafield>
         <marc:datafield tag="035" ind1=" " ind2=" ">
            <marc:subfield code="a">(OCoLC)ocm31871296</marc:subfield>
         </marc:datafield>
         <marc:datafield tag="040" ind1=" " ind2=" ">
            <marc:subfield code="a">COP</marc:subfield>
            <marc:subfield code="c">COP</marc:subfield>
            <marc:subfield code="d">CUS</marc:subfield>
            <marc:subfield code="d">NYG</marc:subfield>
            <marc:subfield code="d">DLC</marc:subfield>
            <marc:subfield code="d">IXA</marc:subfield>
            <marc:subfield code="d">DLC</marc:subfield>
            <marc:subfield code="d">CAS</marc:subfield>
            <marc:subfield code="d">DLC</marc:subfield>
            <marc:subfield code="d">OCL</marc:subfield>
            <marc:subfield code="d">NLM</marc:subfield>
            <marc:subfield code="d">IUL</marc:subfield>
            <marc:subfield code="d">NSD</marc:subfield>
            <marc:subfield code="d">IXA</marc:subfield>
            <marc:subfield code="d">NLM</marc:subfield>
            <marc:subfield code="d">AGL</marc:subfield>
            <marc:subfield code="d">OCLCQ</marc:subfield>
            <marc:subfield code="d">NLGGC</marc:subfield>
            <marc:subfield code="d">LVB</marc:subfield>
            <marc:subfield code="d">MYG</marc:subfield>
         </marc:datafield>
         <marc:datafield tag="016" ind1="7" ind2=" ">
            <marc:subfield code="a">9506946</marc:subfield>
            <marc:subfield code="2">DNLM</marc:subfield>
         </marc:datafield>
         <marc:datafield tag="016" ind1="7" ind2=" ">
            <marc:subfield code="a">SR0083759</marc:subfield>
            <marc:subfield code="2">DNLM</marc:subfield>
         </marc:datafield>
         <marc:datafield tag="022" ind1=" " ind2=" ">
            <marc:subfield code="a">0947-3440</marc:subfield>
         </marc:datafield>
         <marc:datafield tag="030" ind1=" " ind2=" ">
            <marc:subfield code="a">LANAEM</marc:subfield>
         </marc:datafield>
         <marc:datafield tag="032" ind1=" " ind2=" ">
            <marc:subfield code="a">346490</marc:subfield>
            <marc:subfield code="b">USPS</marc:subfield>
         </marc:datafield>
         <marc:datafield tag="035" ind1=" " ind2=" ">
            <marc:subfield code="a">(OCoLC)31871296</marc:subfield>
         </marc:datafield>
         <marc:datafield tag="037" ind1=" " ind2=" ">
            <marc:subfield code="b">VCH Publishers, 303 N.W. 12th Ave., Deerfield Beach, FL 334421788</marc:subfield>
            <marc:subfield code="c">$1150.00</marc:subfield>
         </marc:datafield>
         <marc:datafield tag="041" ind1="0" ind2=" ">
            <marc:subfield code="a">engger</marc:subfield>
            <marc:subfield code="b">eng</marc:subfield>
         </marc:datafield>
         <marc:datafield tag="042" ind1=" " ind2=" ">
            <marc:subfield code="a">lc</marc:subfield>
         </marc:datafield>
         <marc:datafield tag="050" ind1="0" ind2="0">
            <marc:subfield code="a">QD241</marc:subfield>
            <marc:subfield code="b">.L54</marc:subfield>
         </marc:datafield>
         <marc:datafield tag="060" ind1="0" ind2="0">
            <marc:subfield code="a">W1</marc:subfield>
            <marc:subfield code="b">LI26</marc:subfield>
         </marc:datafield>
         <marc:datafield tag="082" ind1="0" ind2="0">
            <marc:subfield code="a">547/.005</marc:subfield>
            <marc:subfield code="2">20</marc:subfield>
         </marc:datafield>
         <marc:datafield tag="049" ind1=" " ind2=" ">
            <marc:subfield code="a">PAUU</marc:subfield>
         </marc:datafield>
         <marc:datafield tag="210" ind1="0" ind2=" ">
            <marc:subfield code="a">Liebigs Ann.</marc:subfield>
         </marc:datafield>
         <marc:datafield tag="222" ind1=" " ind2="0">
            <marc:subfield code="a">Liebigs Annalen</marc:subfield>
         </marc:datafield>
         <marc:datafield tag="245" ind1="0" ind2="0">
            <marc:subfield code="a">Liebigs Annalen :</marc:subfield>
            <marc:subfield code="b">organic and bioorganic chemistry.</marc:subfield>
         </marc:datafield>
         <marc:datafield tag="260" ind1=" " ind2=" ">
            <marc:subfield code="a">Weinheim :</marc:subfield>
            <marc:subfield code="b">VCH,</marc:subfield>
            <marc:subfield code="c">c1995-c1996.</marc:subfield>
         </marc:datafield>
         <marc:datafield tag="300" ind1=" " ind2=" ">
            <marc:subfield code="a">2 v. :</marc:subfield>
            <marc:subfield code="b">ill. ;</marc:subfield>
            <marc:subfield code="c">28 cm.</marc:subfield>
         </marc:datafield>
         <marc:datafield tag="310" ind1=" " ind2=" ">
            <marc:subfield code="a">Monthly</marc:subfield>
         </marc:datafield>
         <marc:datafield tag="362" ind1="0" ind2=" ">
            <marc:subfield code="a">95/1 (Jan. 1995)-96/12 (Dec. 1996).</marc:subfield>
         </marc:datafield>
         <marc:datafield tag="500" ind1=" " ind2=" ">
            <marc:subfield code="a">Title from cover.</marc:subfield>
         </marc:datafield>
         <marc:datafield tag="510" ind1="2" ind2=" ">
            <marc:subfield code="a">Chemical abstracts</marc:subfield>
            <marc:subfield code="x">0009-2258</marc:subfield>
         </marc:datafield>
         <marc:datafield tag="530" ind1=" " ind2=" ">
            <marc:subfield code="a">Also issued online.</marc:subfield>
         </marc:datafield>
         <marc:datafield tag="546" ind1=" " ind2=" ">
            <marc:subfield code="a">English and German; summaries in English.</marc:subfield>
         </marc:datafield>
         <marc:datafield tag="550" ind1=" " ind2=" ">
            <marc:subfield code="a">Published under the auspices of: German Chemical Society (GDCh).</marc:subfield>
         </marc:datafield>
         <marc:datafield tag="580" ind1=" " ind2=" ">
            <marc:subfield code="a">Formed by the union of: Liebigs Annalen der Chemie, and: Part B (Organic Chemistry) of Chemische Berichte.</marc:subfield>
         </marc:datafield>
         <marc:datafield tag="580" ind1=" " ind2=" ">
            <marc:subfield code="a">Merged with: Recueil (Koninklijke Nederlandse Chemische Vereniging), to form: Liebigs Annalen/Recueil.</marc:subfield>
         </marc:datafield>
         <marc:datafield tag="650" ind1=" " ind2="0">
            <marc:subfield code="a">Chemistry</marc:subfield>
            <marc:subfield code="v">Periodicals.</marc:subfield>
         </marc:datafield>
         <marc:datafield tag="650" ind1=" " ind2="0">
            <marc:subfield code="a">Chemistry, Organic</marc:subfield>
            <marc:subfield code="v">Periodicals.</marc:subfield>
         </marc:datafield>
         <marc:datafield tag="650" ind1=" " ind2="0">
            <marc:subfield code="a">Bioorganic chemistry</marc:subfield>
            <marc:subfield code="v">Periodicals.</marc:subfield>
         </marc:datafield>
         <marc:datafield tag="650" ind1=" " ind2="2">
            <marc:subfield code="a">Biochemistry</marc:subfield>
            <marc:subfield code="v">Periodicals.</marc:subfield>
         </marc:datafield>
         <marc:datafield tag="650" ind1=" " ind2="2">
            <marc:subfield code="a">Chemistry, Organic</marc:subfield>
            <marc:subfield code="v">Periodicals.</marc:subfield>
         </marc:datafield>
         <marc:datafield tag="650" ind1="1" ind2="7">
            <marc:subfield code="a">Organische chemie.</marc:subfield>
            <marc:subfield code="2">gtt</marc:subfield>
         </marc:datafield>
         <marc:datafield tag="650" ind1=" " ind2="6">
            <marc:subfield code="a">Chimie organique</marc:subfield>
            <marc:subfield code="v">Périodiques.</marc:subfield>
         </marc:datafield>
         <marc:datafield tag="650" ind1=" " ind2="6">
            <marc:subfield code="a">Chimie bio-organique</marc:subfield>
            <marc:subfield code="v">Périodiques.</marc:subfield>
         </marc:datafield>
         <marc:datafield tag="710" ind1="2" ind2=" ">
            <marc:subfield code="a">Gesellschaft Deutscher Chemiker.</marc:subfield>
         </marc:datafield>
         <marc:datafield tag="780" ind1="1" ind2="4">
            <marc:subfield code="t">Liebigs Annalen der Chemie</marc:subfield>
            <marc:subfield code="x">0170-2041</marc:subfield>
            <marc:subfield code="w">(DLC)   80644142</marc:subfield>
            <marc:subfield code="w">(OCoLC)4719928</marc:subfield>
         </marc:datafield>
         <marc:datafield tag="780" ind1="1" ind2="4">
            <marc:subfield code="t">Chemische Berichte</marc:subfield>
            <marc:subfield code="x">0009-2940</marc:subfield>
            <marc:subfield code="w">(DLC)sn 80001781</marc:subfield>
            <marc:subfield code="w">(OCoLC)1554024</marc:subfield>
         </marc:datafield>
         <marc:datafield tag="785" ind1="1" ind2="7">
            <marc:subfield code="t">Recueil (Koninklijke Nederlandse Chemische Vereniging)</marc:subfield>
            <marc:subfield code="w">(DLC)   82644191</marc:subfield>
            <marc:subfield code="w">(OCoLC)6899170</marc:subfield>
         </marc:datafield>
         <marc:datafield tag="785" ind1="1" ind2="7">
            <marc:subfield code="t">Liebigs Annalen/Recueil</marc:subfield>
            <marc:subfield code="w">(DLC)sn 97036183</marc:subfield>
            <marc:subfield code="w">(OCoLC)36290117</marc:subfield>
         </marc:datafield>
         <marc:datafield tag="850" ind1=" " ind2=" ">
            <marc:subfield code="a">DLC</marc:subfield>
            <marc:subfield code="a">DNAL</marc:subfield>
            <marc:subfield code="a">DNLM</marc:subfield>
            <marc:subfield code="a">InU</marc:subfield>
            <marc:subfield code="a">N</marc:subfield>
            <marc:subfield code="a">TxU</marc:subfield>
         </marc:datafield>
         <marc:datafield tag="994" ind1=" " ind2=" ">
            <marc:subfield code="a">C0</marc:subfield>
            <marc:subfield code="b">PAU</marc:subfield>
         </marc:datafield>
      </marc:record>