
   </integ:BIB_ID>
   <integ:BIB_ID id="2197241" self="true">
      <marc:record xmlns:marc="http://www.loc.gov/MARC21/slim">
         <marc:leader>01563cas a2200397 a 4500</marc:leader>
         <marc:controlfield tag="001">2197241</marc:controlfield>
         <marc:controlfield tag="003">CStRLIN</marc:controlfield>
         <marc:controlfield tag="005">19970805084913.0</marc:controlfield>
         <marc:controlfield tag="008">970805d19801996ne mr p       0    0eng b</marc:controlfield>
         <marc:datafield tag="022" ind1=" " ind2=" ">
            <marc:subfield code="y">0165-0513</marc:subfield>
         </marc:datafield>
         <marc:datafield tag="035" ind1=" " ind2=" ">
            <marc:subfield code="a">(IaU)notisADQ3444</marc:subfield>
         </marc:datafield>
         <marc:datafield tag="035" ind1=" " ind2=" ">
            <marc:subfield code="a">IAUGADQ3444-S</marc:subfield>
         </marc:datafield>
         <marc:datafield tag="040" ind1=" " ind2=" ">
            <marc:subfield code="a">DNLM</marc:subfield>
            <marc:subfield code="c">DNLM</marc:subfield>
            <marc:subfield code="d">DNLM</marc:subfield>
            <marc:subfield code="d">IaU</marc:subfield>
            <marc:subfield code="d">CStRLIN</marc:subfield>
         </marc:datafield>
         <marc:datafield tag="041" ind1="0" ind2=" ">
            <marc:subfield code="a">engfreger</marc:subfield>
         </marc:datafield>
         <marc:datafield tag="060" ind1="0" ind2=" ">
            <marc:subfield code="a">W1</marc:subfield>
            <marc:subfield code="b">RE115M</marc:subfield>
         </marc:datafield>
         <marc:datafield tag="130" ind1="0" ind2=" ">
            <marc:subfield code="a">Recueil (Koninklijke Nederlandse Chemische Vereniging)</marc:subfield>
         </marc:datafield>
         <marc:datafield tag="245" ind1="0" ind2="0">
            <marc:subfield code="a">Recueil :</marc:subfield>
            <marc:subfield code="b">journal of the Royal Netherlands Chemical Society.</marc:subfield>
         </marc:datafield>
         <marc:datafield tag="246" ind1="1" ind2="3">
            <marc:subfield code="a">Journal of the Royal Netherlands Chemical Society</marc:subfield>
         </marc:datafield>
         <marc:datafield tag="246" ind1="1" ind2="3">
            <marc:subfield code="a">Recueil des travaux chimiques des Pays-Bas</marc:subfield>
         </marc:datafield>
         <marc:datafield tag="260" ind1=" " ind2=" ">
            <marc:subfield code="a">Hague, Netherlands :</marc:subfield>
            <marc:subfield code="b">The Society,</marc:subfield>
            <marc:subfield code="c">c1980-c1996.</marc:subfield>
         </marc:datafield>
         <marc:datafield tag="300" ind1=" " ind2=" ">
            <marc:subfield code="a">17 v. :</marc:subfield>
            <marc:subfield code="b">ill. ;</marc:subfield>
            <marc:subfield code="c">30 cm.</marc:subfield>
         </marc:datafield>
         <marc:datafield tag="310" ind1=" " ind2=" ">
            <marc:subfield code="a">Monthly</marc:subfield>
         </marc:datafield>
         <marc:datafield tag="362" ind1="0" ind2=" ">
            <marc:subfield code="a">Vol. 99, 01 (Jan. 1980)-v. 115, 11/12 (Nov./Dec. 1996).</marc:subfield>
         </marc:datafield>
         <marc:datafield tag="500" ind1=" " ind2=" ">
            <marc:subfield code="a">Title from cover.</marc:subfield>
         </marc:datafield>
         <marc:datafield tag="500" ind1=" " ind2=" ">
            <marc:subfield code="a">Published: Elsevier Science Publishers, 1993?-1996.</marc:subfield>
         </marc:datafield>
         <marc:datafield tag="546" ind1=" " ind2=" ">
            <marc:subfield code="a">Articles and summaries in English, French and German.</marc:subfield>
         </marc:datafield>
         <marc:datafield tag="580" ind1=" " ind2=" ">
            <marc:subfield code="a">Merged in part with: Liebigs Annalen, to form: Liebigs Annalen/Recueil; and in part with: Chemische Berichte, to form: Chemische Berichte/Recueil.</marc:subfield>
         </marc:datafield>
         <marc:datafield tag="650" ind1=" " ind2="0">
            <marc:subfield code="a">Chemistry</marc:subfield>
            <marc:subfield code="x">Periodicals.</marc:subfield>
         </marc:datafield>
         <marc:datafield tag="710" ind1="2" ind2=" ">
            <marc:subfield code="a">Koninklijke Nederlandse Chemische Vereniging.</marc:subfield>
         </marc:datafield>
         <marc:datafield tag="780" ind1="0" ind2="0">
            <marc:subfield code="t">Recueil des travaux chimiques des Pays-Bas (Leiden, Netherlands : 1920)</marc:subfield>
            <marc:subfield code="x">0165-0513</marc:subfield>
         </marc:datafield>
         <marc:datafield tag="785" ind1="1" ind2="7">
            <marc:subfield code="t">Liebigs Annalen</marc:subfield>
            <marc:subfield code="x">0947-3440</marc:subfield>
         </marc:datafield>
         <marc:datafield tag="785" ind1="1" ind2="7">
            <marc:subfield code="t">Liebigs Annalen/Recueil</marc:subfield>
         </marc:datafield>
         <marc:datafield tag="785" ind1="1" ind2="7">
            <marc:subfield code="t">Chemische Berichte</marc:subfield>
            <marc:subfield code="x">0009-2940</marc:subfield>
         </marc:datafield>
         <marc:datafield tag="785" ind1="1" ind2="7">
            <marc:subfield code="t">Chemische Berichte/Recueil</marc:subfield>
         </marc:datafield>
         <marc:datafield tag="998" ind1=" " ind2=" ">
            <marc:subfield code="s">9662</marc:subfield>
         </marc:datafield>
         <marc:datafield tag="950" ind1=" " ind2=" ">
            <marc:subfield code="b">none</marc:subfield>
         </marc:datafield>
      </marc:record>