
   </integ:BIB_ID>
   <integ:BIB_ID id="2230303" self="true">
      <marc:record xmlns:marc="http://www.loc.gov/MARC21/slim">
         <marc:leader>03385cas a2200721 a 4500</marc:leader>
         <marc:controlfield tag="001">2230303</marc:controlfield>
         <marc:controlfield tag="005">20110728142643.0</marc:controlfield>
         <marc:controlfield tag="008">980113c19989999gw jx p       0    0eng c</marc:controlfield>
         <marc:datafield tag="010" ind1=" " ind2=" ">
            <marc:subfield code="a">   98660732 </marc:subfield>
            <marc:subfield code="z">sn 98038012 </marc:subfield>
         </marc:datafield>
         <marc:datafield tag="035" ind1=" " ind2=" ">
            <marc:subfield code="a">(OCoLC)ocm38192665</marc:subfield>
         </marc:datafield>
         <marc:datafield tag="040" ind1=" " ind2=" ">
            <marc:subfield code="a">JNA</marc:subfield>
            <marc:subfield code="c">JNA</marc:subfield>
            <marc:subfield code="d">MYG</marc:subfield>
            <marc:subfield code="d">EYM</marc:subfield>
            <marc:subfield code="d">TJC</marc:subfield>
            <marc:subfield code="d">NSD</marc:subfield>
            <marc:subfield code="d">UMC</marc:subfield>
            <marc:subfield code="d">DLC</marc:subfield>
            <marc:subfield code="d">AGL</marc:subfield>
            <marc:subfield code="d">HUL</marc:subfield>
            <marc:subfield code="d">IUL</marc:subfield>
            <marc:subfield code="d">GUA</marc:subfield>
            <marc:subfield code="d">DLC</marc:subfield>
            <marc:subfield code="d">CUS</marc:subfield>
            <marc:subfield code="d">SYS</marc:subfield>
            <marc:subfield code="d">OCL</marc:subfield>
            <marc:subfield code="d">GUA</marc:subfield>
            <marc:subfield code="d">NLM</marc:subfield>
            <marc:subfield code="d">TJC</marc:subfield>
            <marc:subfield code="d">OCLCQ</marc:subfield>
            <marc:subfield code="d">OCL</marc:subfield>
            <marc:subfield code="d">IUL</marc:subfield>
            <marc:subfield code="d">NLGGC</marc:subfield>
            <marc:subfield code="d">DLC</marc:subfield>
            <marc:subfield code="d">OCLCQ</marc:subfield>
            <marc:subfield code="d">CLU</marc:subfield>
            <marc:subfield code="d">SERSO</marc:subfield>
         </marc:datafield>
         <marc:datafield tag="016" ind1="7" ind2=" ">
            <marc:subfield code="a">9892036</marc:subfield>
            <marc:subfield code="2">DNLM</marc:subfield>
         </marc:datafield>
         <marc:datafield tag="016" ind1="7" ind2=" ">
            <marc:subfield code="a">SR0092725</marc:subfield>
            <marc:subfield code="2">DNLM</marc:subfield>
         </marc:datafield>
         <marc:datafield tag="022" ind1=" " ind2=" ">
            <marc:subfield code="a">1434-1948</marc:subfield>
            <marc:subfield code="l">1434-1948</marc:subfield>
            <marc:subfield code="2">6</marc:subfield>
         </marc:datafield>
         <marc:datafield tag="030" ind1=" " ind2=" ">
            <marc:subfield code="a">EJICFO</marc:subfield>
         </marc:datafield>
         <marc:datafield tag="032" ind1=" " ind2=" ">
            <marc:subfield code="a">346350</marc:subfield>
            <marc:subfield code="b">USPS</marc:subfield>
         </marc:datafield>
         <marc:datafield tag="035" ind1=" " ind2=" ">
            <marc:subfield code="a">(OCoLC)38192665</marc:subfield>
         </marc:datafield>
         <marc:datafield tag="042" ind1=" " ind2=" ">
            <marc:subfield code="a">pcc</marc:subfield>
         </marc:datafield>
         <marc:datafield tag="050" ind1="0" ind2="0">
            <marc:subfield code="a">QD146</marc:subfield>
            <marc:subfield code="b">.E87</marc:subfield>
         </marc:datafield>
         <marc:datafield tag="070" ind1="0" ind2=" ">
            <marc:subfield code="a">QD146.E97</marc:subfield>
         </marc:datafield>
         <marc:datafield tag="072" ind1=" " ind2="0">
            <marc:subfield code="a">X500</marc:subfield>
         </marc:datafield>
         <marc:datafield tag="082" ind1="0" ind2="0">
            <marc:subfield code="a">546</marc:subfield>
            <marc:subfield code="2">21</marc:subfield>
         </marc:datafield>
         <marc:datafield tag="049" ind1=" " ind2=" ">
            <marc:subfield code="a">PAUU</marc:subfield>
         </marc:datafield>
         <marc:datafield tag="210" ind1="0" ind2=" ">
            <marc:subfield code="a">Eur. j. inorg. chem.</marc:subfield>
            <marc:subfield code="b">(Print)</marc:subfield>
         </marc:datafield>
         <marc:datafield tag="222" ind1=" " ind2="0">
            <marc:subfield code="a">European journal of inorganic chemistry</marc:subfield>
            <marc:subfield code="b">(Print)</marc:subfield>
         </marc:datafield>
         <marc:datafield tag="245" ind1="0" ind2="0">
            <marc:subfield code="a">European journal of inorganic chemistry.</marc:subfield>
         </marc:datafield>
         <marc:datafield tag="246" ind1="1" ind2="3">
            <marc:subfield code="a">EurJIC</marc:subfield>
         </marc:datafield>
         <marc:datafield tag="246" ind1="1" ind2="8">
            <marc:subfield code="a">Eur. J. Inorg. Chem.</marc:subfield>
         </marc:datafield>
         <marc:datafield tag="260" ind1=" " ind2=" ">
            <marc:subfield code="a">Weinheim, Germany :</marc:subfield>
            <marc:subfield code="b">Wiley-VCH,</marc:subfield>
            <marc:subfield code="c">c1998-</marc:subfield>
         </marc:datafield>
         <marc:datafield tag="300" ind1=" " ind2=" ">
            <marc:subfield code="a">v. :</marc:subfield>
            <marc:subfield code="b">ill. ;</marc:subfield>
            <marc:subfield code="c">28 cm.</marc:subfield>
         </marc:datafield>
         <marc:datafield tag="310" ind1=" " ind2=" ">
            <marc:subfield code="a">36 times a year,</marc:subfield>
            <marc:subfield code="b">2007-</marc:subfield>
         </marc:datafield>
         <marc:datafield tag="321" ind1=" " ind2=" ">
            <marc:subfield code="a">Monthly,</marc:subfield>
            <marc:subfield code="b">1998-2002</marc:subfield>
         </marc:datafield>
         <marc:datafield tag="321" ind1=" " ind2=" ">
            <marc:subfield code="a">Semimonthly,</marc:subfield>
            <marc:subfield code="b">2003-2005</marc:subfield>
         </marc:datafield>
         <marc:datafield tag="362" ind1="0" ind2=" ">
            <marc:subfield code="a">No. 1 (Jan. 1998)-</marc:subfield>
         </marc:datafield>
         <marc:datafield tag="500" ind1=" " ind2=" ">
            <marc:subfield code="a">Title from cover.</marc:subfield>
         </marc:datafield>
         <marc:datafield tag="500" ind1=" " ind2=" ">
            <marc:subfield code="a">Latest issue consulted: 7/2010 (Mar. 1, 2010).</marc:subfield>
         </marc:datafield>
         <marc:datafield tag="510" ind1="0" ind2=" ">
            <marc:subfield code="a">Chemical abstracts</marc:subfield>
            <marc:subfield code="x">0009-2258</marc:subfield>
         </marc:datafield>
         <marc:datafield tag="515" ind1=" " ind2=" ">
            <marc:subfield code="a">Issues for Jan. 1998- also called: 98/1-</marc:subfield>
         </marc:datafield>
         <marc:datafield tag="550" ind1=" " ind2=" ">
            <marc:subfield code="a">Issued under the auspices of: Gesellschaft Deutscher Chemiker, Koninklijke Nederlandse Chemische Vereniging, Koninklijke Vlaamse Chemische Vereniging, Société royale de chimie (Belgium), Società chimica italiana, and Société française de chimie; and also ChemPubSoc Europe, &lt;2010-&gt;</marc:subfield>
         </marc:datafield>
         <marc:datafield tag="580" ind1=" " ind2=" ">
            <marc:subfield code="a">Continues all areas of inorganic chemistry from the following journals: Bulletin des sociétés chimiques belges; Bulletin de la Société chimique de France (Paris, France : 1985); Gazzetta chimica Italiana; and Chemische Berichte/Recueil.</marc:subfield>
         </marc:datafield>
         <marc:datafield tag="650" ind1=" " ind2="0">
            <marc:subfield code="a">Chemistry, Inorganic</marc:subfield>
            <marc:subfield code="v">Periodicals.</marc:subfield>
         </marc:datafield>
         <marc:datafield tag="650" ind1=" " ind2="0">
            <marc:subfield code="a">Organometallic chemistry</marc:subfield>
            <marc:subfield code="v">Periodicals.</marc:subfield>
         </marc:datafield>
         <marc:datafield tag="650" ind1=" " ind2="0">
            <marc:subfield code="a">Bioinorganic chemistry</marc:subfield>
            <marc:subfield code="v">Periodicals.</marc:subfield>
         </marc:datafield>
         <marc:datafield tag="650" ind1=" " ind2="0">
            <marc:subfield code="a">Solid state chemistry</marc:subfield>
            <marc:subfield code="v">Periodicals.</marc:subfield>
         </marc:datafield>
         <marc:datafield tag="650" ind1="1" ind2="7">
            <marc:subfield code="a">Anorganische chemie.</marc:subfield>
            <marc:subfield code="2">gtt</marc:subfield>
         </marc:datafield>
         <marc:datafield tag="650" ind1="1" ind2="7">
            <marc:subfield code="a">Organometaalchemie.</marc:subfield>
            <marc:subfield code="2">gtt</marc:subfield>
         </marc:datafield>
         <marc:datafield tag="710" ind1="2" ind2=" ">
            <marc:subfield code="a">Gesellschaft Deutscher Chemiker.</marc:subfield>
         </marc:datafield>
         <marc:datafield tag="710" ind1="2" ind2=" ">
            <marc:subfield code="a">Koninklijke Nederlandse Chemische Vereniging.</marc:subfield>
         </marc:datafield>
         <marc:datafield tag="710" ind1="2" ind2=" ">
            <marc:subfield code="a">Koninklijke Vlaamse Chemische Vereniging.</marc:subfield>
         </marc:datafield>
         <marc:datafield tag="710" ind1="2" ind2=" ">
            <marc:subfield code="a">Société royale de chimie (Belgium)</marc:subfield>
         </marc:datafield>
         <marc:datafield tag="710" ind1="2" ind2=" ">
            <marc:subfield code="a">Società chimica italiana.</marc:subfield>
         </marc:datafield>
         <marc:datafield tag="710" ind1="2" ind2=" ">
            <marc:subfield code="a">Société française de chimie.</marc:subfield>
         </marc:datafield>
         <marc:datafield tag="710" ind1="2" ind2=" ">
            <marc:subfield code="a">ChemPubSoc Europe.</marc:subfield>
         </marc:datafield>
         <marc:datafield tag="776" ind1="0" ind2="8">
            <marc:subfield code="i">Online version</marc:subfield>
            <marc:subfield code="t">European journal of inorganic chemistry (Online)</marc:subfield>
            <marc:subfield code="x">1099-0682</marc:subfield>
            <marc:subfield code="w">(DLC)  2001212416</marc:subfield>
            <marc:subfield code="w">(OCoLC)41602558</marc:subfield>
         </marc:datafield>
         <marc:datafield tag="780" ind1="1" ind2="1">
            <marc:subfield code="t">Bulletin des sociétés chimiques belges</marc:subfield>
            <marc:subfield code="x">0037-9646</marc:subfield>
            <marc:subfield code="w">(DLC)   52025365</marc:subfield>
            <marc:subfield code="w">(OCoLC)6112872</marc:subfield>
         </marc:datafield>
         <marc:datafield tag="780" ind1="1" ind2="1">
            <marc:subfield code="t">Bulletin de la Société chimique de France (Paris, France : 1985)</marc:subfield>
            <marc:subfield code="x">0037-8968</marc:subfield>
            <marc:subfield code="w">(DLC)sn 86015884</marc:subfield>
            <marc:subfield code="w">(OCoLC)12067665</marc:subfield>
         </marc:datafield>
         <marc:datafield tag="780" ind1="1" ind2="1">
            <marc:subfield code="t">Gazzetta chimica Italiana</marc:subfield>
            <marc:subfield code="x">0016-5603</marc:subfield>
            <marc:subfield code="w">(DLC)   21006544</marc:subfield>
            <marc:subfield code="w">(OCoLC)1780898</marc:subfield>
         </marc:datafield>
         <marc:datafield tag="780" ind1="1" ind2="1">
            <marc:subfield code="t">Chemische Berichte/Recueil</marc:subfield>
            <marc:subfield code="w">(DLC)sn 97047233</marc:subfield>
            <marc:subfield code="w">(OCoLC)36290071</marc:subfield>
         </marc:datafield>
         <marc:datafield tag="776" ind1="0" ind2="8">
            <marc:subfield code="i">Online version:</marc:subfield>
            <marc:subfield code="t">European journal of inorganic chemistry</marc:subfield>
            <marc:subfield code="w">(OCoLC)630747629</marc:subfield>
         </marc:datafield>
         <marc:datafield tag="850" ind1=" " ind2=" ">
            <marc:subfield code="a">DLC</marc:subfield>
            <marc:subfield code="a">DNAL</marc:subfield>
            <marc:subfield code="a">GU</marc:subfield>
            <marc:subfield code="a">InU</marc:subfield>
            <marc:subfield code="a">MCM</marc:subfield>
            <marc:subfield code="a">MdU</marc:subfield>
            <marc:subfield code="a">MiU</marc:subfield>
         </marc:datafield>
         <marc:datafield tag="891" ind1="2" ind2="0">
            <marc:subfield code="9">853</marc:subfield>
            <marc:subfield code="8">1</marc:subfield>
            <marc:subfield code="a">(year)</marc:subfield>
            <marc:subfield code="b">no.</marc:subfield>
            <marc:subfield code="u">12</marc:subfield>
            <marc:subfield code="v">r</marc:subfield>
            <marc:subfield code="i">(year)</marc:subfield>
            <marc:subfield code="j">(month)</marc:subfield>
            <marc:subfield code="w">m</marc:subfield>
            <marc:subfield code="x">01</marc:subfield>
         </marc:datafield>
         <marc:datafield tag="891" ind1="4" ind2="1">
            <marc:subfield code="9">863</marc:subfield>
            <marc:subfield code="8">1.1</marc:subfield>
            <marc:subfield code="a">1998</marc:subfield>
            <marc:subfield code="b">1</marc:subfield>
            <marc:subfield code="i">1998</marc:subfield>
            <marc:subfield code="j">01</marc:subfield>
         </marc:datafield>
         <marc:datafield tag="994" ind1=" " ind2=" ">
            <marc:subfield code="a">C0</marc:subfield>
            <marc:subfield code="b">PAU</marc:subfield>
         </marc:datafield>
      </marc:record>