
   </integ:BIB_ID>
   <integ:BIB_ID id="4100000" self="true">
      <marc:record xmlns:marc="http://www.loc.gov/MARC21/slim">
         <marc:leader>02012cam a22003254a 4500</marc:leader>
         <marc:controlfield tag="001">4100000</marc:controlfield>
         <marc:controlfield tag="005">20070319083236.0</marc:controlfield>
         <marc:controlfield tag="008">061002s2005    sp       b    100 0 spa  </marc:controlfield>
         <marc:datafield tag="010" ind1=" " ind2=" ">
            <marc:subfield code="a">  2007365211</marc:subfield>
         </marc:datafield>
         <marc:datafield tag="035" ind1=" " ind2=" ">
            <marc:subfield code="a">(OCoLC)ocm74884424</marc:subfield>
         </marc:datafield>
         <marc:datafield tag="040" ind1=" " ind2=" ">
            <marc:subfield code="a">DLC</marc:subfield>
            <marc:subfield code="c">DLC</marc:subfield>
            <marc:subfield code="d">PL#</marc:subfield>
         </marc:datafield>
         <marc:datafield tag="020" ind1=" " ind2=" ">
            <marc:subfield code="a">8497425103</marc:subfield>
         </marc:datafield>
         <marc:datafield tag="020" ind1=" " ind2=" ">
            <marc:subfield code="a">9788497425100</marc:subfield>
         </marc:datafield>
         <marc:datafield tag="029" ind1="1" ind2=" ">
            <marc:subfield code="a">PL#</marc:subfield>
            <marc:subfield code="b">060020339</marc:subfield>
         </marc:datafield>
         <marc:datafield tag="043" ind1=" " ind2=" ">
            <marc:subfield code="a">e-sp---</marc:subfield>
         </marc:datafield>
         <marc:datafield tag="050" ind1="0" ind2="0">
            <marc:subfield code="a">PQ6670.E4</marc:subfield>
            <marc:subfield code="b">Z83 2005</marc:subfield>
         </marc:datafield>
         <marc:datafield tag="049" ind1=" " ind2=" ">
            <marc:subfield code="a">PAUU</marc:subfield>
         </marc:datafield>
         <marc:datafield tag="245" ind1="0" ind2="3">
            <marc:subfield code="a">La poesía amorosa de José Luis Tejada :</marc:subfield>
            <marc:subfield code="b">[Actas del Seminario celebrado en El Puerto de Santa Maria los días 10, 11 y 12 de diciembre de 2001 y 25 de abril, 30 de mayo y 10 de junio de 2003, organizado por el Ayuntamiento de El Puerto de Santa María y la Fundación José Luis Tejada] /</marc:subfield>
            <marc:subfield code="c">Luis García Jambrina y Mercedes Gómez Blesa (eds.)</marc:subfield>
         </marc:datafield>
         <marc:datafield tag="260" ind1=" " ind2=" ">
            <marc:subfield code="a">Madrid :</marc:subfield>
            <marc:subfield code="b">Biblioteca Nueva,</marc:subfield>
            <marc:subfield code="c">c2005.</marc:subfield>
         </marc:datafield>
         <marc:datafield tag="300" ind1=" " ind2=" ">
            <marc:subfield code="a">229 p. ;</marc:subfield>
            <marc:subfield code="c">21 cm.</marc:subfield>
         </marc:datafield>
         <marc:datafield tag="440" ind1=" " ind2="0">
            <marc:subfield code="a">Colección Estudios críticos de literatura ;</marc:subfield>
            <marc:subfield code="v">21</marc:subfield>
         </marc:datafield>
         <marc:datafield tag="500" ind1=" " ind2=" ">
            <marc:subfield code="a">Includes anthology of José Luis Tejada's poems (p. 173-225).</marc:subfield>
         </marc:datafield>
         <marc:datafield tag="504" ind1=" " ind2=" ">
            <marc:subfield code="a">Includes bibliographical references (p. 165-167).</marc:subfield>
         </marc:datafield>
         <marc:datafield tag="505" ind1="0" ind2=" ">
            <marc:subfield code="a">José Luis Tejada entre las dos afroditas / Angel L. Prieto de Paula -- La escritura como amante / Alberto González Troyano -- José Luis Tejada y la tradición amorosa / José María Pozuelo Yvancos -- El lenguaje del amor en José Luis Tejada / Hernán Loyola -- Razón de ser de un aprendiz de amante / Luis García Jambrina -- Del amor y del olvido en la poesía de José Luis Tejada / Manuel Angel Vázquez Medel -- La poesía de José Luis Tejada: su representación linguistica del amor / Jaime Siles -- Un poema de José Luis Tejada: Consolación por la carne / Leopoldo de Luis.</marc:subfield>
         </marc:datafield>
         <marc:datafield tag="600" ind1="1" ind2="0">
            <marc:subfield code="a">Tejada, José Luis,</marc:subfield>
            <marc:subfield code="d">1927-</marc:subfield>
            <marc:subfield code="x">Criticism and interpretation.</marc:subfield>
         </marc:datafield>
         <marc:datafield tag="650" ind1=" " ind2="0">
            <marc:subfield code="a">Love poetry, Spanish</marc:subfield>
            <marc:subfield code="x">History and criticism.</marc:subfield>
         </marc:datafield>
         <marc:datafield tag="700" ind1="1" ind2=" ">
            <marc:subfield code="a">García Jambrina, Luis M.</marc:subfield>
            <marc:subfield code="q">(Luis Miguel)</marc:subfield>
         </marc:datafield>
         <marc:datafield tag="700" ind1="1" ind2=" ">
            <marc:subfield code="a">Gómez Blesa, Mercedes,</marc:subfield>
            <marc:subfield code="d">1964-</marc:subfield>
         </marc:datafield>
         <marc:datafield tag="700" ind1="1" ind2="2">
            <marc:subfield code="a">Tejada, José Luis,</marc:subfield>
            <marc:subfield code="d">1927-</marc:subfield>
            <marc:subfield code="t">Poems.</marc:subfield>
            <marc:subfield code="k">Selections.</marc:subfield>
         </marc:datafield>
         <marc:datafield tag="994" ind1=" " ind2=" ">
            <marc:subfield code="a">C0</marc:subfield>
            <marc:subfield code="b">PAU</marc:subfield>
         </marc:datafield>
      </marc:record>