
   </integ:BIB_ID>
   <integ:BIB_ID id="4175864" self="true">
      <marc:record xmlns:marc="http://www.loc.gov/MARC21/slim">
         <marc:leader>01474cas a2200325 a 4500</marc:leader>
         <marc:controlfield tag="001">4175864</marc:controlfield>
         <marc:controlfield tag="005">20090417080609.0</marc:controlfield>
         <marc:controlfield tag="008">830328u19uuuuuuua ar     s  f0   f0arar </marc:controlfield>
         <marc:datafield tag="010" ind1=" " ind2=" ">
            <marc:subfield code="a">   83642240 </marc:subfield>
         </marc:datafield>
         <marc:datafield tag="035" ind1=" " ind2=" ">
            <marc:subfield code="a">(OCoLC)ocm09353057</marc:subfield>
         </marc:datafield>
         <marc:datafield tag="040" ind1=" " ind2=" ">
            <marc:subfield code="a">DLC</marc:subfield>
            <marc:subfield code="c">DLC</marc:subfield>
            <marc:subfield code="d">OCLCQ</marc:subfield>
         </marc:datafield>
         <marc:datafield tag="029" ind1="1" ind2=" ">
            <marc:subfield code="a">AU@</marc:subfield>
            <marc:subfield code="b">000025560847</marc:subfield>
         </marc:datafield>
         <marc:datafield tag="035" ind1=" " ind2=" ">
            <marc:subfield code="a">(OCoLC)9353057</marc:subfield>
         </marc:datafield>
         <marc:datafield tag="042" ind1=" " ind2=" ">
            <marc:subfield code="a">lc</marc:subfield>
         </marc:datafield>
         <marc:datafield tag="043" ind1=" " ind2=" ">
            <marc:subfield code="a">f-ua---</marc:subfield>
         </marc:datafield>
         <marc:datafield tag="050" ind1="0" ind2="0">
            <marc:subfield code="a">HD1491.E3</marc:subfield>
            <marc:subfield code="b">N28</marc:subfield>
         </marc:datafield>
         <marc:datafield tag="049" ind1=" " ind2=" ">
            <marc:subfield code="a">PAUU</marc:subfield>
         </marc:datafield>
         <marc:datafield tag="245" ind1="0" ind2="3">
            <marc:subfield code="6">880-01</marc:subfield>
            <marc:subfield code="a">al-Nashrah al-sanawīyah lil-nashāṭ al-taʻāwunī bi-al-qiṭāʻ al-zirāʻī bi-Jumhūrīyat Miṣr al-ʻArabīyah /</marc:subfield>
            <marc:subfield code="c">al-Jihāz al-Markazī lil-Taʻbiʼah al-ʻĀmmah wa-al-Iḥṣāʼ.</marc:subfield>
         </marc:datafield>
         <marc:datafield tag="260" ind1=" " ind2=" ">
            <marc:subfield code="6">880-02</marc:subfield>
            <marc:subfield code="a">Madīnat Naṣr, al-Qāhirah :</marc:subfield>
            <marc:subfield code="b">al-Jihāz</marc:subfield>
         </marc:datafield>
         <marc:datafield tag="300" ind1=" " ind2=" ">
            <marc:subfield code="a">v. ;</marc:subfield>
            <marc:subfield code="c">28 cm.</marc:subfield>
         </marc:datafield>
         <marc:datafield tag="310" ind1=" " ind2=" ">
            <marc:subfield code="a">Annual</marc:subfield>
         </marc:datafield>
         <marc:datafield tag="500" ind1=" " ind2=" ">
            <marc:subfield code="a">Description based on: 1976.</marc:subfield>
         </marc:datafield>
         <marc:datafield tag="500" ind1=" " ind2=" ">
            <marc:subfield code="a">Last issue consulted: 2004/2005 (November 2007).</marc:subfield>
         </marc:datafield>
         <marc:datafield tag="650" ind1=" " ind2="0">
            <marc:subfield code="a">Agriculture, Cooperative</marc:subfield>
            <marc:subfield code="z">Egypt</marc:subfield>
            <marc:subfield code="v">Statistics</marc:subfield>
            <marc:subfield code="v">Periodicals.</marc:subfield>
         </marc:datafield>
         <marc:datafield tag="710" ind1="1" ind2=" ">
            <marc:subfield code="6">880-03</marc:subfield>
            <marc:subfield code="a">Egypt.</marc:subfield>
            <marc:subfield code="b">Jihāz al-Markazī lil-Taʻbiʼah al-ʻĀmmah wa-al-Iḥṣāʼ.</marc:subfield>
         </marc:datafield>
         <marc:datafield tag="850" ind1=" " ind2=" ">
            <marc:subfield code="a">DLC</marc:subfield>
         </marc:datafield>
         <marc:datafield tag="880" ind1="0" ind2="2">
            <marc:subfield code="6">245-01/r</marc:subfield>
            <marc:subfield code="a">النشرة السنوية للنشاط التعاونى بالقطاع الزراعى بحمهورية مصر العربية /</marc:subfield>
            <marc:subfield code="c">الجهاز المركزى للتعبئة العامة والإحصاء.</marc:subfield>
         </marc:datafield>
         <marc:datafield tag="880" ind1=" " ind2=" ">
            <marc:subfield code="6">260-02/r</marc:subfield>
            <marc:subfield code="a">مدينة نصر، القاهرة :</marc:subfield>
            <marc:subfield code="b">الجهاز</marc:subfield>
         </marc:datafield>
         <marc:datafield tag="880" ind1="1" ind2=" ">
            <marc:subfield code="6">710-03/r</marc:subfield>
            <marc:subfield code="a">Egypt.</marc:subfield>
            <marc:subfield code="b">جهاز المركزي للتعبئة العامة والاحصاء.</marc:subfield>
         </marc:datafield>
         <marc:datafield tag="994" ind1=" " ind2=" ">
            <marc:subfield code="a">C0</marc:subfield>
            <marc:subfield code="b">PAU</marc:subfield>
         </marc:datafield>
      </marc:record>