
   </integ:BIB_ID>
   <integ:BIB_ID id="4621774" self="true">
      <marc:record xmlns:marc="http://www.loc.gov/MARC21/slim">
         <marc:leader>02000cas a2200505   4500</marc:leader>
         <marc:controlfield tag="001">4621774</marc:controlfield>
         <marc:controlfield tag="005">20091104121555.0</marc:controlfield>
         <marc:controlfield tag="008">750824d19101996mdumn p       0   a0eng d</marc:controlfield>
         <marc:datafield tag="010" ind1=" " ind2=" ">
            <marc:subfield code="a">   13002608 </marc:subfield>
         </marc:datafield>
         <marc:datafield tag="035" ind1=" " ind2=" ">
            <marc:subfield code="a">(OCoLC)ocm01565450</marc:subfield>
         </marc:datafield>
         <marc:datafield tag="040" ind1=" " ind2=" ">
            <marc:subfield code="a">MUL</marc:subfield>
            <marc:subfield code="c">MUL</marc:subfield>
            <marc:subfield code="d">BTI</marc:subfield>
            <marc:subfield code="d">NSD</marc:subfield>
            <marc:subfield code="d">DLC</marc:subfield>
            <marc:subfield code="d">NSD</marc:subfield>
            <marc:subfield code="d">AIP</marc:subfield>
            <marc:subfield code="d">OCL</marc:subfield>
            <marc:subfield code="d">NSD</marc:subfield>
            <marc:subfield code="d">NST</marc:subfield>
            <marc:subfield code="d">WAU</marc:subfield>
            <marc:subfield code="d">NST</marc:subfield>
            <marc:subfield code="d">IUL</marc:subfield>
            <marc:subfield code="d">NYG</marc:subfield>
            <marc:subfield code="d">WAU</marc:subfield>
            <marc:subfield code="d">HLS</marc:subfield>
            <marc:subfield code="d">WAU</marc:subfield>
            <marc:subfield code="d">IUL</marc:subfield>
            <marc:subfield code="d">OCL</marc:subfield>
            <marc:subfield code="d">OCLCQ</marc:subfield>
            <marc:subfield code="d">NSD</marc:subfield>
            <marc:subfield code="d">NLGGC</marc:subfield>
            <marc:subfield code="d">OCLCG</marc:subfield>
         </marc:datafield>
         <marc:datafield tag="019" ind1=" " ind2=" ">
            <marc:subfield code="a">1565448</marc:subfield>
         </marc:datafield>
         <marc:datafield tag="022" ind1="0" ind2=" ">
            <marc:subfield code="a">0011-1422</marc:subfield>
            <marc:subfield code="2">1</marc:subfield>
         </marc:datafield>
         <marc:datafield tag="032" ind1=" " ind2=" ">
            <marc:subfield code="a">564900</marc:subfield>
            <marc:subfield code="b">USPS</marc:subfield>
         </marc:datafield>
         <marc:datafield tag="035" ind1=" " ind2=" ">
            <marc:subfield code="a">(OCoLC)1565450</marc:subfield>
            <marc:subfield code="z">(OCoLC)1565448</marc:subfield>
         </marc:datafield>
         <marc:datafield tag="042" ind1=" " ind2=" ">
            <marc:subfield code="a">nsdp</marc:subfield>
            <marc:subfield code="a">lc</marc:subfield>
         </marc:datafield>
         <marc:datafield tag="043" ind1=" " ind2=" ">
            <marc:subfield code="a">n-us---</marc:subfield>
         </marc:datafield>
         <marc:datafield tag="050" ind1="0" ind2="0">
            <marc:subfield code="a">E185.5</marc:subfield>
            <marc:subfield code="b">.C92</marc:subfield>
         </marc:datafield>
         <marc:datafield tag="082" ind1=" " ind2="4">
            <marc:subfield code="a">973/.04/96073</marc:subfield>
         </marc:datafield>
         <marc:datafield tag="049" ind1=" " ind2=" ">
            <marc:subfield code="a">PAUU</marc:subfield>
         </marc:datafield>
         <marc:datafield tag="210" ind1="0" ind2=" ">
            <marc:subfield code="a">Crisis</marc:subfield>
            <marc:subfield code="b">(N.Y.N.Y.)</marc:subfield>
         </marc:datafield>
         <marc:datafield tag="222" ind1=" " ind2="4">
            <marc:subfield code="a">The Crisis</marc:subfield>
            <marc:subfield code="b">(New York, N.Y.)</marc:subfield>
         </marc:datafield>
         <marc:datafield tag="245" ind1="0" ind2="0">
            <marc:subfield code="a">Crisis.</marc:subfield>
         </marc:datafield>
         <marc:datafield tag="260" ind1=" " ind2=" ">
            <marc:subfield code="a">[New York,</marc:subfield>
            <marc:subfield code="b">Crisis Pub. Co.]</marc:subfield>
         </marc:datafield>
         <marc:datafield tag="300" ind1=" " ind2=" ">
            <marc:subfield code="a">103 v.</marc:subfield>
            <marc:subfield code="b">ill.</marc:subfield>
            <marc:subfield code="c">20-28 cm.</marc:subfield>
         </marc:datafield>
         <marc:datafield tag="310" ind1=" " ind2=" ">
            <marc:subfield code="a">Monthly (except bimonthly Feb./Mar., May/June, Aug./Sept., Nov./Dec.)</marc:subfield>
            <marc:subfield code="b">-1996</marc:subfield>
         </marc:datafield>
         <marc:datafield tag="321" ind1=" " ind2=" ">
            <marc:subfield code="a">Monthly (except bimonthly June/July and Aug./Sept.),</marc:subfield>
            <marc:subfield code="b">&lt;Aug./Sept. 1977- &gt;</marc:subfield>
         </marc:datafield>
         <marc:datafield tag="321" ind1=" " ind2=" ">
            <marc:subfield code="a">Monthly,</marc:subfield>
            <marc:subfield code="b">1910-</marc:subfield>
         </marc:datafield>
         <marc:datafield tag="362" ind1="0" ind2=" ">
            <marc:subfield code="a">v. 1-103, no. 2; Nov. 1910-Feb./Mar. 1996.</marc:subfield>
         </marc:datafield>
         <marc:datafield tag="500" ind1=" " ind2=" ">
            <marc:subfield code="a">"The most progressive voice of black America."</marc:subfield>
         </marc:datafield>
         <marc:datafield tag="500" ind1=" " ind2=" ">
            <marc:subfield code="a">Editor: Nov. 1910-July 1934, W.E.B. Du Bois.</marc:subfield>
         </marc:datafield>
         <marc:datafield tag="500" ind1=" " ind2=" ">
            <marc:subfield code="a">Title varies slightly.</marc:subfield>
         </marc:datafield>
         <marc:datafield tag="500" ind1=" " ind2=" ">
            <marc:subfield code="a">Published in Baltimore, Mar. 1987-</marc:subfield>
         </marc:datafield>
         <marc:datafield tag="515" ind1=" " ind2=" ">
            <marc:subfield code="a">Issues for Jan. and Feb. 1981 combined.</marc:subfield>
         </marc:datafield>
         <marc:datafield tag="515" ind1=" " ind2=" ">
            <marc:subfield code="a">Issues for Mar. 1987-Mar. 1989 unnumbered but constitute v. 94, no. 3-v. 96, no. 3.</marc:subfield>
         </marc:datafield>
         <marc:datafield tag="530" ind1=" " ind2=" ">
            <marc:subfield code="a">Also issued online.</marc:subfield>
         </marc:datafield>
         <marc:datafield tag="550" ind1=" " ind2=" ">
            <marc:subfield code="a">Official organ of the National Association for the Advancement of Colored People.</marc:subfield>
         </marc:datafield>
         <marc:datafield tag="650" ind1=" " ind2="0">
            <marc:subfield code="a">African Americans</marc:subfield>
            <marc:subfield code="v">Periodicals.</marc:subfield>
         </marc:datafield>
         <marc:datafield tag="650" ind1="1" ind2="7">
            <marc:subfield code="a">Gekleurde rassen.</marc:subfield>
            <marc:subfield code="2">gtt</marc:subfield>
         </marc:datafield>
         <marc:datafield tag="650" ind1="1" ind2="7">
            <marc:subfield code="a">Sociaal-economische situatie.</marc:subfield>
            <marc:subfield code="2">gtt</marc:subfield>
         </marc:datafield>
         <marc:datafield tag="700" ind1="1" ind2=" ">
            <marc:subfield code="a">Du Bois, W. E. B.</marc:subfield>
            <marc:subfield code="q">(William Edward Burghardt),</marc:subfield>
            <marc:subfield code="d">1868-1963,</marc:subfield>
            <marc:subfield code="e">ed.</marc:subfield>
         </marc:datafield>
         <marc:datafield tag="710" ind1="2" ind2=" ">
            <marc:subfield code="a">National Association for the Advancement of Colored People.</marc:subfield>
         </marc:datafield>
         <marc:datafield tag="785" ind1="0" ind2="0">
            <marc:subfield code="t">New crisis (Baltimore. Md.)</marc:subfield>
            <marc:subfield code="x">1559-1603</marc:subfield>
            <marc:subfield code="w">(DLC)sn 98053999</marc:subfield>
            <marc:subfield code="w">(OCoLC)39328440</marc:subfield>
         </marc:datafield>
         <marc:datafield tag="850" ind1=" " ind2=" ">
            <marc:subfield code="a">DLC</marc:subfield>
            <marc:subfield code="a">InU</marc:subfield>
            <marc:subfield code="a">N</marc:subfield>
            <marc:subfield code="a">NcRS</marc:subfield>
            <marc:subfield code="a">WaU</marc:subfield>
         </marc:datafield>
         <marc:datafield tag="994" ind1=" " ind2=" ">
            <marc:subfield code="a">C0</marc:subfield>
            <marc:subfield code="b">PAU</marc:subfield>
         </marc:datafield>
      </marc:record>