
   </integ:BIB_ID>
   <integ:BIB_ID id="5446179" self="true">
      <marc:record xmlns:marc="http://www.loc.gov/MARC21/slim">
         <marc:leader>01171nam a22003138a 4500</marc:leader>
         <marc:controlfield tag="001">5446179</marc:controlfield>
         <marc:controlfield tag="005">20120313140855.0</marc:controlfield>
         <marc:controlfield tag="006">m        d</marc:controlfield>
         <marc:controlfield tag="007">cr_|n---____</marc:controlfield>
         <marc:controlfield tag="008">090331s1996||||enk     o     ||1 0|eng|d</marc:controlfield>
         <marc:datafield tag="020" ind1=" " ind2=" ">
            <marc:subfield code="a">9780511522130 (ebook)</marc:subfield>
         </marc:datafield>
         <marc:datafield tag="020" ind1=" " ind2=" ">
            <marc:subfield code="a">9780521419055 (hardback)</marc:subfield>
         </marc:datafield>
         <marc:datafield tag="035" ind1=" " ind2=" ">
            <marc:subfield code="a">(UkCbUP)CBOCR9780511522130</marc:subfield>
         </marc:datafield>
         <marc:datafield tag="035" ind1=" " ind2=" ">
            <marc:subfield code="a">(UkCbUP)CR9780511522130</marc:subfield>
         </marc:datafield>
         <marc:datafield tag="040" ind1=" " ind2=" ">
            <marc:subfield code="a">UkCbUP</marc:subfield>
            <marc:subfield code="c">UkCbUP</marc:subfield>
         </marc:datafield>
         <marc:datafield tag="082" ind1="0" ind2="0">
            <marc:subfield code="a">332/.01/5193</marc:subfield>
            <marc:subfield code="2">20</marc:subfield>
         </marc:datafield>
         <marc:datafield tag="100" ind1="1" ind2=" ">
            <marc:subfield code="a">Zenios, Stavros A..</marc:subfield>
         </marc:datafield>
         <marc:datafield tag="245" ind1="0" ind2="0">
            <marc:subfield code="a">Financial Optimization </marc:subfield>
            <marc:subfield code="h">[electronic resource]. /</marc:subfield>
            <marc:subfield code="c">Edited by Stavros A. Zenios.</marc:subfield>
         </marc:datafield>
         <marc:datafield tag="260" ind1=" " ind2=" ">
            <marc:subfield code="a">Cambridge :</marc:subfield>
            <marc:subfield code="b">Cambridge University Press,</marc:subfield>
            <marc:subfield code="c">1993</marc:subfield>
         </marc:datafield>
         <marc:datafield tag="300" ind1=" " ind2=" ">
            <marc:subfield code="a">1 online resource (372 p.) :</marc:subfield>
            <marc:subfield code="b">digital, PDF file(s)</marc:subfield>
         </marc:datafield>
         <marc:datafield tag="538" ind1=" " ind2=" ">
            <marc:subfield code="a">Mode of access: World Wide Web.</marc:subfield>
         </marc:datafield>
         <marc:datafield tag="500" ind1=" " ind2=" ">
            <marc:subfield code="a">Title from publishers bibliographic system (viewed on 02 Mar 2012).</marc:subfield>
         </marc:datafield>
         <marc:datafield tag="506" ind1=" " ind2=" ">
            <marc:subfield code="a">Restricted for use by site license.</marc:subfield>
         </marc:datafield>
         <marc:datafield tag="530" ind1=" " ind2=" ">
            <marc:subfield code="a">Also available in print.</marc:subfield>
         </marc:datafield>
         <marc:datafield tag="650" ind1=" " ind2="0">
            <marc:subfield code="a">Finance</marc:subfield>
            <marc:subfield code="x">Mathematical models</marc:subfield>
            <marc:subfield code="x">Congresses.</marc:subfield>
         </marc:datafield>
         <marc:datafield tag="650" ind1=" " ind2="0">
            <marc:subfield code="a">Mathematical optimization</marc:subfield>
            <marc:subfield code="x">Congresses.</marc:subfield>
         </marc:datafield>
         <marc:datafield tag="776" ind1="0" ind2="8">
            <marc:subfield code="i">Print version: </marc:subfield>
            <marc:subfield code="z">9780521419055</marc:subfield>
         </marc:datafield>
         <marc:datafield tag="830" ind1=" " ind2="0">
            <marc:subfield code="a">Cambridge books online.</marc:subfield>
         </marc:datafield>
         <marc:datafield tag="856" ind1="4" ind2="0">
            <marc:subfield code="u">http://hdl.library.upenn.edu/1017.12/928551</marc:subfield>
            <marc:subfield code="z">Connect to full text</marc:subfield>
         </marc:datafield>
      </marc:record>
   </integ:BIB_ID>
</integ:root>